2200 3387
189 1780 323 1814 Boeth.

174 1837 207 1870 p.
218 1827 288 1861 2⁴5)
297 1830 326 1852 ¹³³

198 2438 328 2473 Boetli.

196 2486 332 2529 1126?ss

346 227 390 260 TS
756 229 862 261 Peter
889 230 1092 261 Abnelards
1121 229 1255 270 Logica
1284 224 1607 271 ‚ingredientibus‘.

487 325 600 360 Nunc
627 327 764 360 autem
787 325 1004 370 diligenter
1025 326 1346 365 consideremus,
1368 326 1544 370 qualiter
1563 326 1668 362 haec
1689 325 1837 361 solutio
1860 332 2007 369 suppo-

347 390 423 425 sita
453 392 695 433 argumenta
732 389 891 425 refellit.
943 389 1040 425 Cum
1081 390 1201 435 igitur
1237 390 1426 426 dicimus:
1473 390 1514 426 Si
1552 391 1686 427 homo.
1727 391 1805 426 hoc
1845 399 2007 427 nomen.

347 455 527 490 abundat
549 454 600 489 ab
623 454 800 490 animali.
823 454 899 489 hoc
921 454 1001 489 alio
1024 454 1201 492 nomine,
1225 454 1264 490 in
1286 455 1592 499 significatione
1615 454 1886 495 differentiae,
1911 456 2009 490 tunc

347 519 496 554 animal
525 519 601 554 lioc
631 528 780 554 nomen
803 518 988 563 [animal]
1018 519 1125 554 nullo
1154 519 1275 554 modo
1298 519 1481 555 continet
1502 519 1789 559 differentiam,
1816 528 1894 555 nec
1915 520 2009 554 actu

348 584 502 619 scilicet
540 593 616 619 nec
653 586 872 628 potestate.
915 585 956 618 ut
994 583 1227 628 expositum
1267 586 1341 620 est.
1384 584 1489 619 falsa
1532 586 1595 620 est
1632 586 1822 629 patenter
1864 592 2009 620 conse-

348 649 515 693 quentia
543 658 595 683 ex
624 657 723 683 vero
752 648 1014 684 antecedenti
1043 650 1083 683 et
1110 648 1214 684 falso
1251 648 1524 693 consequenti
1561 649 1790 684 coniuncta.
1841 648 1888 684 Et
1914 650 2010 684 tunc

348 713 509 757 quidem
544 713 578 748 si
607 713 696 757 quis
731 723 783 749 ex
811 713 1083 757 consequenti
1118 714 1347 758 procedere
1383 714 1534 758 aliquid
1573 724 1626 749 ex
1654 714 1779 750 nihilo
1816 714 2010 749 constare

347 781 560 814 monstret.
587 779 687 814 satis
716 778 1052 814 irrationabiliter
1079 779 1222 823 arguit.
1275 778 1351 813 Ubi
1380 779 1488 814 enim
1523 778 1673 814 animal
1700 788 1777 814 nec
1804 778 2009 823 potestate

348 843 470 878 etiam
499 843 756 879 differentias
784 844 920 879 habet.
950 844 1023 879 sed
1051 843 1186 888 potius
1225 853 1298 879 eas
1334 846 1548 889 repugnet.
1586 844 1696 879 nullo
1733 843 1854 879 modo
1888 843 1929 878 in
1965 852 2010 879 re

348 907 467 943 liuius
506 908 693 944 nominis.
736 908 844 953 quod
881 911 945 944 est
981 908 1144 944 animal.
1183 910 1277 944 sunt
1317 908 1590 949 differentiae.
1627 908 1735 944 unde
1771 917 1849 944 nec
1886 907 2010 943 etiam

348 976 450 1008 sunt.
479 973 573 1017 quia
601 973 691 1008 sine
719 973 884 1009 animali
913 983 1008 1009 esse
1037 983 1118 1008 non
1146 975 1331 1017 possunt.
1385 973 1425 1008 Si
1459 975 1597 1009 autem
1632 973 1672 1009 in
1708 973 1835 1018 priori
1869 981 2012 1008 conse-

349 1038 515 1081 quentia
552 1038 883 1073 convenientiam
922 1038 986 1073 vel
1025 1038 1321 1074 continentiam
1359 1039 1515 1074 tantum
1553 1039 1757 1074 actualem
1794 1037 1835 1073 in
1870 1046 2012 1073 conse-

349 1103 489 1146 quenti
516 1112 790 1139 removemus.
825 1103 925 1138 satis
954 1105 1018 1138 est
1050 1103 1276 1147 probabilis
1304 1104 1616 1147 consequentia.
1669 1103 1748 1139 Sed
1780 1113 1831 1139 ex
1868 1111 2012 1139 conse-

349 1167 488 1211 quenti
517 1167 625 1211 quod
652 1177 795 1203 verum
825 1170 898 1204 est.
926 1168 1025 1203 nihil
1053 1167 1354 1203 inconveniens
1380 1168 1632 1204 ostendetur.
1685 1168 1882 1208 Quamvis
1904 1167 2012 1203 enim

349 1230 500 1266 animal
528 1240 608 1266 non
637 1232 751 1266 notet
779 1231 1048 1268 differentias.
1078 1241 1159 1266 non
1186 1231 1320 1266 minus
1347 1233 1487 1267 tamen
1515 1232 1554 1267 in
1579 1241 1623 1267 re
1646 1232 1734 1267 eius
1756 1231 2011 1276 permanent.

352 1294 467 1330 L'nde
484 1295 607 1330 etiam
624 1304 697 1339 per
713 1295 902 1331 animalis
923 1297 1124 1332 naturam.
1141 1304 1247 1339 quae
1263 1295 1449 1331 subiecta
1466 1297 1529 1331 est
1551 1295 1823 1333 differentiae.
1839 1295 2013 1339 species,

351 1358 427 1393 hoc
455 1360 518 1393 est
545 1368 612 1394 res
642 1359 807 1403 speciei.
836 1358 1112 1394 differentiam
1140 1359 1296 1394 habere
1324 1361 1473 1403 potest.
1525 1358 1667 1403 Itaque
1695 1368 1771 1403 per
1800 1359 1878 1394 hoc
1905 1357 2013 1403 quod

353 1423 586 1459 continere·
610 1434 691 1459 non
714 1424 844 1459 solum
867 1426 974 1461 actu.
1002 1424 1076 1459 sed
1099 1424 1223 1459 etiam
1246 1425 1465 1468 potestate.
1487 1426 1530 1459 ut
1552 1424 1787 1469 expositum
1809 1425 1883 1464 est,
1910 1423 2015 1460 acci-

350 1488 495 1533 pimus.
516 1489 609 1524 illud
625 1489 925 1525 inconveniens
948 1489 1080 1524 modis
1095 1488 1285 1524 omnibus
1302 1488 1532 1533 effugimus.
1555 1489 1663 1534 quod
1678 1489 1832 1533 aliquid
1852 1490 2016 1524 constet

351 1562 402 1587 ex
438 1553 573 1589 nihilo.
613 1562 661 1588 ac
696 1553 883 1588 similiter
909 1553 1006 1588 illud
1034 1553 1145 1597 quod
1172 1553 1381 1588 contraria
1408 1552 1489 1588 sint
1519 1552 1557 1588 in
1588 1553 1746 1588 eodem.
1797 1552 1875 1588 Ubi
1905 1552 2013 1588 enim

351 1617 616 1652 concedimus
644 1617 796 1652 animal
824 1618 937 1662 large
965 1616 1179 1652 continere
1207 1616 1475 1655 differentias,
1504 1616 1593 1652 sive
1622 1616 1779 1652 scilicet
1805 1618 1900 1652 actu
1927 1616 2015 1652 sive

351 1683 571 1726 potestate.
609 1684 651 1717 ut
678 1681 911 1726 expositum
949 1683 1024 1719 est.
1060 1691 1143 1716 non
1177 1682 1316 1726 potest
1355 1681 1449 1716 hinc
1489 1681 1689 1718 convinci.
1725 1681 1835 1726 quod
1868 1681 2014 1717 eadem

352 1756 418 1781 res
447 1746 636 1782 aminalis
665 1747 783 1782 simul
812 1749 1029 1791 utrumque
1056 1746 1218 1781 habeat.

494 1811 711 1847 Demptum
738 1813 892 1847 autem.
944 1811 1077 1846 Aliam
1104 1810 1365 1846 differentiae
1394 1810 1717 1855 descriptionem
1743 1810 1858 1855 ponit
1878 1811 2016 1847 datam

353 1885 377 1911 a
404 1876 660 1920 quibusdam.
688 1876 782 1911 licet
809 1885 890 1911 non
919 1875 1020 1911 satis
1049 1875 1275 1910 commode.
1303 1883 1396 1910 cum
1424 1874 1619 1910 videlicet
1654 1883 1789 1919 neque
1827 1874 2015 1910 omnibus

354 1941 598 1977 differentiis
635 1941 858 1976 conveniat
889 1949 1026 1985 neque
1063 1940 1163 1975 solis
1197 1939 1386 1975 videatur
1412 1940 1563 1975 inesse.
1615 1938 1717 1975 Sunt
1752 1939 1862 1975 enim
1895 1948 2018 1984 quae-

355 2006 448 2041 dam
471 2005 731 2041 differentiae
759 2006 828 2041 uni
855 2005 931 2040 soli
952 2005 1253 2040 convenientes
1275 2004 1440 2049 speciei.
1462 2007 1633 2049 propter
1653 2013 1756 2049 quas
1778 2004 1819 2040 in
1843 2013 2017 2049 sequen-

355 2071 461 2106 tibus
489 2071 670 2106 dicturus
699 2072 762 2106 est
784 2070 1058 2106 differentiam
1081 2079 1210 2114 saepe
1233 2070 1283 2105 de
1306 2069 1591 2105 differentibus
1613 2069 1754 2114 specie
1772 2069 2016 2114 praedicari.

354 2135 478 2171 Multa
506 2145 669 2180 quoque
692 2135 924 2171 accidentia
945 2135 1049 2171 haec
1072 2134 1294 2179 descriptio
1317 2134 1510 2170 continet.
1548 2133 1678 2174 Quam
1700 2134 1865 2179 quidem
1885 2134 2017 2180 magis

355 2201 623 2236 secundum
652 2200 937 2245 opinionem
965 2200 1173 2236 aliorum
1211 2199 1378 2236 inducit.
1415 2208 1537 2243 quam
1575 2199 1844 2235 secundum
1882 2208 2017 2235 suam

355 2266 690 2301 sententiam1.
737 2265 967 2301 Ratz‘omele
988 2265 1113 2300 enim.
1154 2264 1262 2300 Vere
1286 2264 1522 2300 differentia
1542 2264 1806 2309 praedicatur
1824 2264 1865 2299 in
1885 2264 2017 2308 quale,

356 2331 451 2375 quia
472 2330 685 2366 rationale.
730 2330 908 2375 Aparte.
950 2329 1062 2372 Quid
1087 2330 1212 2364 enim.
1264 2328 1416 2374 Supple
1451 2331 1589 2364 extra:
1629 2328 1710 2365 Sed
1728 2329 1864 2373 potius
1885 2338 2018 2374 genus

358 2395 621 2440 praedicatur
646 2395 687 2430 in
715 2394 822 2439 quid.
860 2394 1095 2430 differentia
1120 2403 1221 2430 vero
1251 2394 1291 2429 in
1319 2394 1451 2438 quale.
1502 2393 1549 2429 Et
1584 2395 1802 2438 utrumque
1840 2393 2019 2429 ostendit

359 2460 397 2495 In
426 2462 542 2504 parte
571 2462 611 2495 et
644 2460 682 2495 in
712 2459 861 2495 effectu
899 2461 1073 2495 naturae
1110 2458 1404 2503 responsionis.
1456 2458 1591 2494 Rebus
1617 2459 1742 2494 enim.
1794 2458 1883 2494 Duo
1911 2467 2018 2503 quae

359 2524 470 2563 dixit,
499 2524 688 2562 ostendit,
717 2525 826 2568 quod
854 2524 1048 2559 videlicet
1075 2524 1181 2559 bene
1209 2533 1340 2569 genus
1375 2523 1651 2567 respondetur
1686 2522 1726 2557 in
1761 2522 1867 2567 quid,
1904 2522 2019 2558 diffe-

2029 587 2045 611 5

2033 908 2065 933 10

2036 1237 2068 1262 15

2035 1554 2069 1579 20

2036 1881 2071 1906 25

2037 2205 2072 2230 30

2038 2531 2072 2555 35

359 2589 492 2625 rentia
520 2598 618 2624 vero
647 2589 686 2624 in
715 2589 847 2633 quale.
886 2589 981 2633 quia
1009 2588 1166 2624 scilicet
1192 2597 1324 2633 genus
1358 2588 1572 2624 materiam
1605 2588 1665 2623 rei
1702 2587 1868 2632 speciei,
1906 2586 2019 2623 diffe-
2067 2621 2072 2626 .

358 2654 491 2690 rentia
532 2663 633 2689 vero
682 2654 853 2689 formam
902 2653 1067 2697 proprie
1108 2653 1325 2698 significat.
1377 2653 1410 2688 A
1450 2662 1588 2688 causa.
1640 2652 1802 2688 Animal
1841 2661 2020 2697 namque

358 2719 487 2763 ipsam
516 2728 614 2754 rem.
643 2728 749 2762 quae
776 2719 899 2753 homo
928 2720 1002 2757 est,
1030 2718 1069 2753 in
1099 2717 1285 2753 essentia
1311 2727 1386 2753 sua
1412 2717 1596 2752 nominat
1617 2717 1844 2752 secundum
1868 2718 2018 2752 statum

358 2783 600 2819 naturaliter
626 2783 817 2828 priorem.
868 2782 1085 2818 Rationale
1123 2792 1223 2818 vero
1258 2782 1432 2818 eandem
1471 2791 1562 2817 cum
1589 2780 1794 2819 nominet.
1832 2783 2021 2817 naturam

358 2849 558 2884 materiae
594 2857 675 2883 non
718 2850 844 2884 notat.
881 2848 955 2883 sed
991 2847 1230 2892 simpliciter
1265 2847 1530 2883 affectionem
1566 2846 1735 2882 formae.
1796 2846 1848 2882 Ut
1883 2847 2020 2882 autem

359 2913 561 2948 ostendat.
582 2913 787 2957 quomodo
803 2922 935 2957 genus
958 2912 1185 2951 materiam,
1208 2910 1444 2948 differentia
1465 2920 1565 2946 vero
1587 2910 1759 2946 formam
1781 2910 2019 2955 significare

500 3011 519 3040 9
547 3019 621 3041 rem
643 3010 668 3041 A
749 3010 791 3041 20
819 3007 885 3048 Ac]
913 3010 933 3039 d
958 3010 984 3040 A
1061 3009 1102 3040 22
1131 3009 1311 3041 coniuncti
1333 3009 1360 3040 A
1444 3008 1486 3040 32
1516 3009 1657 3048 suplice
1677 3008 1707 3039 A
1789 3008 1831 3039 34
1860 3016 1954 3047 quae
1973 3007 2022 3045 A2

361 3077 448 3108 prae
475 3068 502 3100 A
601 3070 642 3099 :39
671 3069 824 3100 eundem
852 3068 879 3100 Α
983 3069 1018 3099 41
1053 3068 1209 3099 ostendit
1238 3068 1261 3098 Α

503 3133 511 3153 ¹
542 3134 592 3165 (js.
620 3140 740 3173 supra
770 3142 801 3172 p.
832 3127 964 3164 467-9.

2040 2853 2075 2878 40
