2200 3387
436 239 467 272 2.
496 238 562 272 Die
589 239 745 272 Glossen
773 248 816 272 zu
845 238 914 272 den
942 238 1178 280 Kategorien.
1208 257 1250 262 -—
1280 238 1333 272 De
1361 239 1457 279 quali
1486 241 1521 272 et
1549 239 1736 280 qualitate.
1866 236 1934 272 249

256 337 329 373 sed
347 336 480 382 ipsam
504 336 582 373 dici
599 337 816 382 aequalem
834 336 899 372 vel
922 335 1196 381 inaequalem.
1218 336 1295 372 hic
1318 345 1418 372 vero
1441 336 1538 372 dicit
1559 337 1787 373 secundum
1809 337 1935 382 quali-

257 402 382 438 tatem
422 401 500 437 dici
537 401 669 438 simile
704 402 745 437 et
781 401 992 437 dissimile.
1045 400 1163 441 Quod
1203 401 1384 437 fortasse
1422 401 1583 437 duobus
1624 402 1757 438 modis
1797 404 1935 448 potest

257 467 401 512 accipi.
430 466 494 502 vel
524 467 580 503 ita
607 466 766 503 scilicet
793 466 903 512 quod
932 466 1118 502 dicamus
1148 466 1261 502 solas
1290 466 1512 511 qualitates
1549 467 1715 512 proprie
1752 467 1934 504 similitu-

257 531 394 568 dinem
424 531 489 567 vel
517 531 892 567 dissimilitudinem
921 530 1136 576 suscipere
1165 532 1205 566 et
1232 530 1398 576 proprie
1426 530 1505 566 dici
1539 531 1695 567 similes
1725 532 1788 568 vel
1817 531 1935 567 dissi-

219 596 386 637 smiles.
414 596 494 632 alia
524 606 624 632 vero
661 596 903 641 aequivoce.
941 595 1170 638 secundum
1210 596 1287 632 1100
1326 595 1485 632 80111001
1525 596 1634 641 quod
1674 596 1830 633 similes
1869 597 1934 633 vel

256 661 479 698 dissimiles
521 661 743 706 qualitates
785 662 950 702 habent,
991 661 1055 697 vel
1098 661 1153 697 ita
1205 661 1314 706 quod
1362 661 1548 697 dicamus
1598 663 1768 707 propter
1809 662 1936 707 quali-

256 728 363 763 tates
392 726 580 763 subiecta
608 726 758 762 similia
785 726 851 763 vel
879 726 1099 762 dissimilia
1126 726 1216 767 dici,
1254 736 1337 763 non
1366 726 1422 763 ita
1450 727 1615 771 quidem
1643 729 1686 763 ut
1713 727 1934 772 qualitates

256 792 338 828 sint
352 792 507 828 similes
524 792 588 828 vel
609 791 843 831 dissimiles,
867 792 941 828 sed
965 791 1154 828 subiecta
1175 794 1345 837 propter
1366 792 1599 837 qualitates,
1621 793 1663 828 ut
1684 793 1763 828 1100
1784 801 1934 838 corpus

256 857 312 893 illi
339 857 471 894 simile
499 858 564 894 est
597 857 826 893 secundum
863 857 941 893 1100
977 857 1087 903 quod
1125 857 1381 894 conveniunt
1420 857 1460 893 in
1502 867 1552 894 eo
1593 857 1702 903 quod
1742 858 1934 895 albedine

206 929 235 954 ιο
256 922 516 968 participant,
544 922 623 959 1100
650 923 713 959 081
741 922 779 958 13
808 932 859 958 eo
887 922 997 968 quod
1025 922 1120 958 alba
1147 924 1253 958 sunt.

396 987 443 1024 Et
471 988 675 1024 attende
692 990 715 1027 ¹.
743 988 853 1033 quod
880 988 959 1024 hoc
986 997 1138 1033 corpus
1167 997 1221 1024 ex
1247 988 1326 1025 1130
1353 988 1547 1025 albedine
1575 998 1698 1034 quam
1722 989 1859 1029 habet.
1886 989 1937 1026 si·

255 1053 350 1090 mile
378 1055 442 1090 est
470 1053 536 1094 illi,
565 1053 661 1098 quia
688 1053 767 1089 hoc
794 1053 892 1090 facit
919 1053 1054 1098 ipsum
1083 1053 1233 1095 album,
1271 1063 1354 1090 non
1389 1055 1529 1090 tamen
1564 1054 1793 1090 secundum
1827 1055 1936 1091 hanc

255 1117 491 1154 albedinem
520 1117 653 1154 simile
681 1119 746 1154 est
772 1118 838 1158 illi,
867 1118 964 1163 quia
992 1127 1074 1154 non
1109 1118 1340 1154 secundum
1376 1118 1454 1155 1100
1492 1119 1602 1164 quod
1640 1119 1760 1155 istam
1798 1119 1934 1159 habet,

255 1183 452 1220 convenit
479 1192 572 1219 cum
598 1183 678 1224 illo,
707 1183 803 1229 quia
830 1184 1010 1220 eandem
1037 1193 1120 1220 non
1148 1184 1284 1225 habet,
1314 1184 1389 1220 sed
1416 1184 1474 1220 ita
1502 1184 1668 1230 quidem
1691 1185 1802 1230 quod
1829 1185 1935 1221 haec

203 1259 236 1284 15
257 1257 387 1285 causa
414 1250 488 1289 est,
524 1258 652 1294 quare
687 1258 779 1285 cum
813 1258 864 1285 eo
901 1249 1137 1290 conveniat,
1175 1249 1272 1294 quia
1306 1251 1346 1286 et
1386 1249 1491 1286 haec
1530 1250 1628 1286 facit
1664 1249 1798 1295 ipsum
1838 1259 1935 1287 esse

255 1314 394 1351 album
421 1316 463 1350 et
489 1323 543 1350 ex
571 1314 649 1350 hoc
677 1314 786 1359 quod
814 1316 879 1351 est
906 1315 1055 1356 album,
1091 1317 1156 1351 est
1189 1315 1322 1351 simile
1356 1315 1429 1357 illi;
1471 1315 1612 1360 utique
1646 1316 1753 1352 haec
1785 1315 1935 1352 albedo

256 1389 385 1417 causa
413 1381 486 1421 est,
515 1390 644 1426 quare
673 1382 736 1416 est
763 1380 801 1417 ei
828 1380 962 1416 simile
996 1382 1037 1416 et
1064 1381 1213 1417 eadem
1241 1390 1370 1417 causa
1397 1382 1472 1422 est,
1507 1391 1637 1426 quare
1665 1380 1867 1418 dissimile
1894 1381 1935 1417 in

256 1454 307 1482 eo
336 1445 445 1490 quod
471 1446 604 1491 ipsum
631 1445 827 1482 informat
853 1447 895 1482 et
921 1455 1004 1482 non
1031 1446 1139 1482 illud.

398 1511 674 1548 Notandum
704 1521 818 1553 vero,
847 1511 957 1557 quod
978 1511 1062 1553 <si>
1084 1511 1306 1548 similitudo
1335 1514 1376 1549 et
1403 1511 1692 1549 dissimilitudo
1714 1511 1936 1558 qualitates

202 1586 237 1612 20
257 1578 413 1619 essent,
441 1578 484 1613 ut
510 1577 707 1622 quidam
722 1579 736 1602 ‘2
762 1578 907 1613 volunt
927 1578 1158 1614 secundum
1179 1577 1360 1623 priorem
1382 1578 1701 1623 expositionem,
1724 1579 1937 1623 oporteret

256 1642 391 1688 ipsam
424 1642 734 1679 similitudinem
762 1643 829 1679 vel
865 1642 1244 1679 dissimilitudinem
1281 1644 1321 1679 et
1354 1643 1412 1679 ita
1447 1643 1561 1688 ipsas
1599 1643 1821 1689 qualitates
1858 1643 1936 1680 sibi

256 1706 356 1752 ipsis
391 1706 599 1747 adiacere,
637 1706 718 1743 nisi
753 1706 860 1743 forte
898 1707 990 1752 quis
1027 1707 1138 1743 (11031
1164 1707 1493 1744 Aristotelem
1531 1707 1632 1744 solis
1669 1707 1936 1753 qualitatibus

257 1771 336 1808 1100
364 1772 603 1813 attribuere,
631 1782 714 1808 non
738 1772 941 1808 omnibus.
993 1772 1045 1808 At
1060 1782 1162 1809 vero
1179 1773 1407 1809 secundum
1429 1773 1508 1809 1100
1523 1773 1633 1818 quod
1654 1772 1935 1818 relatliones

257 1837 449 1874 volumus
478 1846 574 1874 esse
602 1837 912 1874 similitudinem
933 1839 974 1874 et
995 1838 1371 1874 dissimilitudinem
1393 1838 1444 1874 ab
1466 1838 1544 1874 1130
1565 1838 1790 1875 liberamur
1810 1848 1936 1884 oppo-

203 1912 239 1938 25
258 1902 420 1940 sitione.
473 1902 555 1939 Sed
581 1902 759 1940 fortasse
797 1903 1026 1940 seeundum
1063 1903 1340 1949 posteriorem
1378 1903 1685 1949 expositionem
1722 1903 1845 1940 aliam
1879 1903 1937 1940 in-

257 1968 470 2010 currimus,
512 1969 608 2014 quia
646 1978 729 2005 non
769 1969 999 2005 secundum
1045 1969 1157 2005 solas
1198 1969 1421 2014 qualitates
1461 1969 1635 2006 dicimus
1676 1969 1832 2006 similes
1871 1969 1938 2005 vel

258 2034 490 2075 dissimiles,
519 2034 595 2071 sed
615 2034 749 2081 magis
772 2035 1001 2071 secundum
1029 2034 1336 2071 similitudinem
1359 2036 1400 2071 et
1421 2034 1809 2076 dissimilitudinem,
1831 2044 1937 2080 quae

258 2101 354 2136 sunt
380 2099 618 2137 relationes.
671 2099 754 2136 Sed
781 2100 817 2137 si
843 2109 1010 2136 sensum
1041 2100 1316 2146 expositionis
1345 2100 1620 2139 attendamus,
1658 2099 1834 2136 faciliter
1860 2109 1938 2136 nos

258 2165 544 2211 expediemus.
596 2164 697 2202 Cum
725 2165 834 2202 enim
856 2165 1031 2202 dicimus
1053 2166 1186 2202 simile
1209 2167 1250 2202 et
1271 2165 1471 2202 dissimile
1497 2175 1594 2202 esse
1617 2165 1848 2202 subiectum
1876 2175 1940 2202 se-

203 2244 238 2269 30
259 2230 437 2267 cundum
466 2230 699 2276 qualitates.
727 2231 785 2267 ita
811 2231 1050 2276 accipimus,
1088 2233 1131 2267 ut
1158 2231 1255 2268 insit
1282 2231 1361 2268 illis
1395 2231 1617 2268 similitudo
1654 2232 1695 2268 et
1731 2230 1935 2267 dissimili-

258 2296 357 2332 tudo
385 2295 664 2333 mediantibus
692 2297 960 2342 qualitatibus
988 2298 1029 2333 et
1054 2297 1190 2343 gratia
1215 2297 1375 2333 illarum
1405 2297 1525 2343 quasi
1551 2297 1719 2333 innatae
1755 2306 1809 2333 ex
1844 2296 1934 2337 illis,

259 2369 367 2406 quae
395 2360 560 2405 quidem
588 2370 634 2397 se
662 2361 764 2406 ipsis
791 2361 1070 2398 mediantibus
1093 2362 1236 2398 inesse
1258 2371 1341 2398 non
1362 2362 1540 2407 possunt
1560 2361 1738 2406 ideoque
1760 2370 1785 2397 a
1810 2360 1936 2406 quali-

258 2424 412 2462 tatibus
453 2425 649 2462 differunt
688 2426 868 2465 omnino.
908 2427 1057 2472 quibus
1098 2427 1376 2463 mediantibus
1415 2427 1566 2463 insunt.
1623 2426 1773 2463 Simile
1808 2427 1934 2463 enim..

260 2489 369 2527 Vere
397 2491 624 2527 secundum
653 2492 765 2528 solas
788 2492 1010 2537 qualitates
1032 2492 1181 2529 dicitur
1203 2492 1426 2529 similitudo
1449 2494 1490 2529 et
1511 2492 1812 2533 dissimilitudo,
1840 2491 1937 2537 quia

204 2570 239 2595 35
261 2555 490 2592 secundum
518 2556 600 2593 alia
627 2566 721 2593 non.
772 2557 834 2594 Ab
862 2557 1124 2594 immediatis.
1176 2557 1224 2594 Et
1251 2559 1329 2595 hoc
1364 2560 1445 2595 est:
1482 2558 1568 2595 nisi
1596 2568 1678 2603 per
1711 2559 1788 2594 hoc
1824 2557 1940 2599 quod

260 2620 388 2661 quale
413 2622 483 2662 esc,
509 2620 549 2656 id
577 2622 640 2657 est
667 2621 895 2658 secundum
923 2623 1002 2658 hoc
1029 2622 1140 2668 quod
1168 2624 1232 2659 est
1260 2622 1448 2667 qualitas.

402 2685 453 2721 At
480 2695 588 2722 vero.
641 2685 838 2732 Superius
865 2688 1050 2724 tractans
1079 2687 1312 2733 qualitates,
1346 2688 1452 2724 inter
1479 2687 1701 2733 qualitates
1730 2687 1935 2732 quaedam
1963 2665 2121 2748 Ῑῗοξξξῇ

261 2751 605 2788 commemoravit
632 2761 738 2796 quae
766 2752 846 2789 iam
875 2752 914 2788 13
949 2754 1127 2789 11301313
1164 2753 1434 2789 relativorum
1471 2754 1672 2798 posuerat
1708 2751 1937 2789 secundum
1966 2723 2044 2756 'm‘

404 2891 423 2923 2
452 2887 573 2934 Quod]
602 2892 688 2933 quia
713 2891 743 2924 A
843 2893 862 2923 6
890 2889 955 2932 113]
986 2891 1023 2929 -†-
1054 2894 1090 2925 et
1115 2892 1145 2924 A
1257 2893 1276 2923 9
1304 2892 1375 2924 illis
1401 2892 1430 2925 A
1549 2892 1591 2925 26
1619 2892 1772 2925 dicimus
1799 2892 1938 2925 similes

261 2951 319 2983 vel
347 2949 559 2991 dissimiles]
587 2951 653 2984 dic.
682 2951 786 2984 simil.
815 2951 873 2984 vel
901 2952 967 2984 dis.
994 2951 1023 2984 A

406 3014 416 3037 ¹
444 3015 608 3054 Abael.‚
636 3016 803 3055 Dialect„
832 3016 886 3049 ed.
916 3016 1098 3055 Cousin‚
1128 3026 1161 3057 p.
1191 3017 1269 3050 208.

404 3073 419 3095 ‘²
445 3074 482 3107 In
511 3075 665 3108 Dialect.
698 3074 770 3115 (ed.
799 3075 965 3108 Cousin
993 3085 1026 3116 p.
1056 3075 1139 3115 208)
1166 3076 1451 3109 Abaelardus
1488 3077 1582 3109 hanc
1615 3077 1835 3109 sententiam
1862 3085 1939 3109 ma-

264 3133 381 3176 gistro
409 3142 477 3166 suo
504 3133 557 3173 V.,
585 3134 620 3167 id
647 3136 704 3167 est
730 3134 884 3167 Vilelmo
911 3134 1158 3175 Campellensi
1187 3135 1370 3168 adscribit.
