2200 3387
165 1572 301 1606 Boeth.

141 1630 177 1662 Ρ.
189 1619 262 1654 290
277 1619 302 1654 C

166 2232 300 2266 Boeth.

142 2290 174 2323 p.
189 2280 255 2313 291
275 2279 301 2314 (ἲ

331 264 401 300 304
743 267 852 299 Peter
877 242 1082 299 Abaelards
1109 267 1245 308 Logica
1271 267 1595 308 ,Ingredientibus‘.

330 364 370 399 in
398 364 500 400 aliis.
553 363 745 408 Ideoque,
772 363 1104 408 quandoquidem
1126 373 1207 399 non
1229 373 1351 399 omne
1373 364 1481 408 quod
1504 364 1703 400 alteratur
1722 373 1796 410 per
1816 364 1995 409 aliquem

329 427 580 471 reliquorum
608 428 787 472 quinque
815 429 1008 462 motuum.
1060 427 1184 472 Igitur
1210 427 1399 463 alteratio
1427 428 1492 463 est
1518 427 1600 463 alia
1625 437 1693 464 res
1721 427 1882 464 abillis
1932 427 1994 464 Ab

331 492 491 527 effectu.
544 491 650 527 Nam
679 492 726 528 si.
778 491 825 527 Et
852 502 951 528 vere
980 493 1043 528 θεῖ
1071 492 1161 531 alia,
1196 492 1292 536 quia
1325 501 1406 527 non
1444 493 1508 528 est
1544 492 1703 528 eadem.
1755 492 1816 528 Ab
1854 492 1994 529 imme-

330 557 460 593 diatis.
513 556 629 597 Quod
665 559 801 593 autem
831 566 913 593 non
950 556 1002 592 sit
1038 557 1196 597 eadem,
1236 557 1400 601 probat:
1443 556 1485 592 Si
1524 558 1588 593 est
1627 557 1773 593 eadem
1812 566 1995 602 prorsus,

330 621 487 658 scilicet
508 632 600 657 eum
622 622 709 659 illis.
731 622 786 657 ita
808 622 975 660 scilicet,
997 623 1039 657 ut
1060 621 1252 666 quicquid
1272 622 1336 657 est
1356 621 1559 663 alteratio,
1582 622 1633 657 sit
1654 621 1801 666 aliquis
1822 621 1995 658 aliorum
2015 635 2031 660 5

331 689 512 722 motuum
547 689 587 722 et
615 697 636 722 e
665 696 883 725 converso,
912 695 1087 722 necesse
1116 688 1190 725 est,
1230 686 1269 721 id
1299 688 1362 722 est
1389 688 1587 722 constans
1623 688 1696 727 est,
1737 696 1858 722 omne
1885 687 1995 732 quod

331 753 538 788 alteratur.
573 751 731 787 moveri
770 751 907 796 aliquo
944 751 1117 787 aliorum
1154 752 1347 791 motuum,
1375 750 1461 797 -[et]
1501 751 1579 787 hoc
1619 753 1683 788 est
1722 751 1813 788 fieri
1851 761 1996 788 conse-

330 817 551 861 quentiam.
580 817 619 852 id
647 818 710 852 est
737 816 1046 852 comitationem
1074 816 1245 852 alicuius
1272 816 1444 854 aliorum
1472 817 1672 860 motuum;
1710 816 1784 852 sed
1814 826 1897 852 non
1934 817 1996 852 est

330 891 518 918 necesse.
548 891 646 927 ergo
681 890 763 916 non
798 883 862 917 θεῖ
895 881 1054 917 eadem.
1106 881 1139 916 A
1173 881 1455 917 destructione
1489 881 1796 926 consequentis.
1846 880 1996 926 Propo-

330 947 520 982 sitionem
548 946 667 982 huius
690 946 919 992 syllogismi
946 946 1170 990 praemittit
1199 946 1270 981 ibi:
1298 946 1406 982 Nam
1429 947 1466 982 si
1487 947 1646 988 eadem,
1667 946 1995 991 assumptionem
2016 958 2049 984 10

330 1020 494 1056 quoque
530 1011 725 1056 supponit
760 1010 922 1047 dicens:
962 1010 1042 1053 Sed
1080 1021 1167 1046 non
1207 1013 1264 1047 est
1302 1021 1473 1053 neeesse,
1513 1011 1823 1047 conclusionem
1866 1011 1995 1047 extra.

331 1076 429 1112 Illud
469 1086 574 1115 „nam
603 1076 711 1120 quod
739 1077 915 1121 augetur
942 1075 1138 1111 similiter‘
1179 1076 1344 1120 ponitur
1371 1076 1530 1121 copula,
1558 1077 1686 1112 totum
1709 1076 1995 1121 argumentum

332 1141 562 1187 syllogismi
590 1151 681 1177 cum
709 1140 988 1181 conclusione,
1016 1140 1056 1176 id
1085 1142 1148 1176 est
1175 1141 1461 1186 propositione
1489 1150 1597 1186 quae
1624 1140 1893 1186 hypothetica
1920 1141 1996 1184 est,

331 1209 372 1242 et
399 1206 695 1251 assumptione.
748 1206 862 1241 Alius
890 1215 990 1241 vero
1019 1205 1285 1251 syllogismus
1313 1207 1377 1241 est
1403 1205 1655 1241 huiusmodi:
1683 1205 1719 1241 si
1745 1206 1809 1241 est
1836 1205 1994 1247 eadem,

330 1282 452 1308 omne
480 1271 588 1316 quod
617 1273 808 1320 movetur
833 1280 907 1316 per
942 1271 1045 1306 alios
1081 1272 1228 1311 motus,
1266 1271 1474 1312 alteratur,
1513 1271 1587 1306 sed
1623 1279 1706 1306 non
1744 1278 1866 1306 omne
1898 1269 1996 1306 illud
2016 1280 2049 1306 15

330 1337 538 1377 alteratur,
559 1346 658 1382 ergo
682 1346 765 1372 non
794 1338 857 1372 est
883 1336 1040 1372 eadem.
1081 1335 1204 1371 Cuius
1227 1335 1391 1380 quidem
1416 1335 1647 1381 syllogismi
1667 1334 1996 1380 propositionem

330 1402 444 1447 ponit
471 1401 543 1438 ibi:
570 1401 780 1437 Similiter
806 1403 843 1437 et
871 1411 995 1437 omne
1023 1402 1098 1437 etc.
1152 1400 1371 1445 oporteret
1397 1400 1589 1443 alterari,
1617 1400 1651 1436 si
1674 1399 1900 1436 secundum
1922 1408 1995 1436 eas

330 1469 443 1503 esset
468 1466 657 1503 alteratio
694 1476 786 1502 cum
825 1466 977 1502 ceteris
1017 1465 1207 1501 motibus.
1260 1465 1368 1501 Loco
1408 1475 1508 1501 vero
1546 1464 1841 1509 assumptionis
1879 1463 1996 1509 ponit

330 1531 436 1568 illud.
464 1531 572 1567 unde
600 1531 776 1567 habetur
801 1531 1041 1575 assumptio.

470 1596 552 1632 Sec!
575 1598 674 1632 sunt
701 1596 916 1636 quaedam
948 1595 1184 1631 crescentia.
1236 1594 1456 1630 Conclusio
1493 1596 1557 1630 est
1597 1595 1727 1636 extra,
1765 1593 1861 1639 quia
1894 1593 1994 1630 satis
2014 1606 2048 1631 20

330 1663 474 1706 aperta
501 1663 565 1697 est
592 1661 802 1696 destructo
830 1663 1006 1705 utroque
1034 1660 1307 1704 consequenti
1334 1659 1375 1695 in
1403 1659 1768 1704 assumptionibus.
1824 1659 1871 1695 Ut
1891 1668 1995 1704 qua-

330 1726 580 1770 dranyulus.
631 1725 873 1770 Exemplum
902 1726 976 1766 est,
1004 1724 1073 1760 ubi
1101 1734 1155 1761 ex
1182 1725 1393 1760 cremento
1421 1734 1505 1760 non
1532 1725 1733 1760 alteratur
1753 1723 1994 1765 subiectum,

330 1791 425 1836 quia
440 1791 758 1836 quadrangulus,
785 1790 854 1826 illa
868 1789 1013 1835 figura,
1041 1789 1191 1825 crescit
1215 1789 1482 1834 superaddita
1503 1798 1723 1835 gnomone,
1751 1788 1832 1825 alia
1850 1788 1994 1834 figura,

330 1858 370 1892 et
396 1856 451 1892 nil
478 1858 562 1892 tum
588 1855 645 1891 ibi
671 1855 889 1891 alteratum
918 1855 982 1891 est
1009 1863 1061 1890 ex
1087 1856 1312 1890 cremento.
1365 1854 1430 1890 Sic
1458 1855 1499 1890 et
1533 1853 1732 1899 contingit
1766 1853 1807 1889 in
1843 1853 1994 1889 ceteris

329 1919 622 1956 crescentibus.
691 1918 831 1962 Quare
870 1918 961 1954 alii.
1025 1917 1370 1962 Quandoquidem
1410 1917 1611 1959 alteratio,
1646 1918 1698 1953 de
1738 1926 1819 1962 qua
1858 1917 1992 1953 minus
2014 1924 2047 1949 25

329 1983 558 2024 videbatur,
596 1984 660 2019 est
695 1982 862 2018 diversa
894 1991 919 2018 a
945 1981 1096 2018 ceteris
1125 1981 1344 2026 speciebus
1373 1982 1520 2022 motus,
1555 1990 1654 2027 ergo
1690 1980 1824 2017 omnis
1857 1981 1994 2016 motus

329 2050 424 2084 sunt
451 2048 529 2085 alii.
557 2048 596 2083 id
625 2049 688 2084 est
715 2047 870 2084 diversi
896 2048 948 2083 ab
976 2047 1163 2082 invicem.
1215 2046 1250 2082 A
1277 2046 1503 2082 minoribus
1536 2046 1601 2082 vel
1637 2055 1662 2081 a
1696 2045 1883 2090 partibus
1918 2045 1993 2081 ita:

330 2113 673 2158 Quandoquidem
710 2114 793 2148 tam
826 2112 1016 2148 alteratio
1050 2121 1171 2156 quam
1215 2112 1383 2147 ceterae
1424 2111 1588 2155 species
1624 2111 1759 2146 motus
1799 2110 1993 2146 diversae

329 2179 424 2214 sunt
450 2178 557 2214 inter
583 2187 639 2219 se,
668 2187 767 2223 ergo
797 2187 942 2213 omnes
971 2176 1135 2222 species
1163 2177 1309 2212 motus.

469 2243 537 2278 Est
564 2244 719 2278 autem.
770 2241 1031 2278 Enumeratis
1059 2241 1281 2286 speciebus
1309 2242 1444 2276 motus
1478 2241 1518 2276 in
1553 2240 1757 2276 divisione
1790 2239 1918 2284 ipsius
1953 2240 1994 2275 et
2013 2250 2047 2275 30

329 2307 531 2343 distinctis
552 2308 603 2342 ab
625 2306 803 2342 invicem
830 2306 882 2342 ad
904 2306 1104 2341 maiorem
1127 2305 1313 2341 notitiam
1334 2306 1417 2340 tam
1433 2304 1600 2349 generis
1617 2313 1738 2348 quam
1760 2303 1993 2348 specierum

330 2372 515 2417 assignat
543 2372 602 2407 eis
630 2371 838 2407 contraria
866 2373 907 2407 et
928 2370 1024 2406 dicit
1046 2371 1141 2415 quia
1162 2370 1288 2405 motui
1309 2369 1558 2414 simpliciter,
1581 2369 1620 2404 id
1643 2370 1706 2405 est
1726 2368 1819 2404 huic
1839 2367 1995 2404 nomini

331 2437 505 2482 simplici
532 2438 573 2472 et
599 2436 784 2481 generali
812 2436 921 2480 quod
949 2437 1014 2471 est
1040 2437 1187 2476 motus,
1216 2436 1280 2470 est
1306 2434 1385 2470 hoc
1412 2442 1563 2469 nomen
1593 2433 1710 2478 quies
1731 2431 1993 2473 contrarium,

330 2510 405 2544 per
448 2499 754 2535 adiunctionem
796 2499 954 2535 scilicet
994 2498 1293 2534 contrariarum
1327 2497 1571 2542 specierum.
1635 2496 1818 2541 Simplex
1857 2496 1994 2531 autem

330 2565 478 2601 dicitur
505 2566 545 2600 et
571 2564 768 2610 generale
795 2564 1041 2599 vocabulum
1068 2564 1261 2607 respectu
1296 2561 1535 2606 specialium
1572 2571 1648 2606 per
1682 2561 1762 2597 hoc
1797 2560 1905 2605 quod
1942 2568 1994 2595 ea
2013 2567 2048 2592 35

330 2629 556 2666 secundum
585 2628 931 2674 significationem
959 2628 1263 2672 quodammodo
1292 2626 1513 2662 constituit.
1567 2625 1727 2671 Quippe
1760 2625 1992 2661 intellectus

330 2694 538 2740 generalis
555 2693 743 2734 nominis,
767 2693 954 2738 quamvis
971 2702 1067 2737 pars
1088 2692 1320 2727 intellectus
1343 2691 1547 2736 specialis,
1564 2691 1603 2726 in
1624 2691 1715 2735 ipso
1737 2689 1995 2726 concluditur

332 2761 372 2795 et
399 2759 704 2804 quodammodo
731 2758 865 2802 ipsum
893 2757 1111 2802 componit,
1140 2766 1312 2801 quorum
1335 2758 1473 2792 autem
1494 2764 1749 2800 componens
1771 2753 1994 2799 simplicius

332 2826 396 2860 est
416 2823 658 2868 composito.
687 2823 764 2858 His
773 2825 927 2858 aulem.
967 2822 1188 2867 Postquam
1205 2821 1349 2867 generi
1364 2820 1595 2866 assignavit
1613 2819 1875 2860 contrarium,
1892 2818 1994 2854 assi-

330 2890 429 2934 gnat
450 2890 491 2924 et
512 2888 732 2933 speciebus
748 2888 908 2923 dicens:
937 2887 1007 2922 His
1024 2896 1130 2931 quae
1146 2896 1220 2931 per
1235 2886 1431 2931 singulas,
1447 2885 1525 2921 hoc
1540 2887 1604 2921 est
1620 2893 1725 2929 quae
1748 2885 1842 2919 sunt
1857 2883 1993 2928 singu·
2011 2895 2047 2921 40

331 2952 444 2992 laria.
472 2952 511 2987 id
533 2953 597 2988 est
621 2951 829 2996 specialia,
849 2952 924 2987 sub
943 2952 1054 2986 motu
1074 2950 1266 2986 videntur
1287 2959 1382 2985 esse
1402 2948 1619 2989 contraria,
1639 2947 1747 2993 quod
1763 2956 1838 2992 per
1851 2947 1992 2992 partes

332 3017 551 3061 exequitur
571 3016 732 3052 dicens:
761 3015 1037 3051 Gemi-attoni
1058 3015 1229 3059 quidem
1253 3015 1330 3050 etc.
1381 3013 1519 3054 Nota,
1547 3013 1656 3057 quod
1677 3012 1718 3048 in
1740 3011 1992 3052 Qualitate

478 3139 496 3170 7
524 3135 678 3177 moveri]
704 3138 789 3169 noiu
815 3137 843 3169 A
963 3137 1003 3169 12
1030 3145 1113 3169 nam
1141 3136 1170 3172 Q
1197 3137 1242 3168 asi
1271 3136 1301 3167 si
1326 3135 1355 3167 A
1474 3135 1514 3167 14
1543 3133 1829 3172 assumptionem
1854 3131 1896 3164 A.
