2200 3387
338 226 382 260 43
746 226 856 259 Peter
881 226 1086 258 Abaelards
1114 225 1248 266 Logica
1275 220 1598 265 „ingredientib11s⁴.

339 324 469 360 nerali
497 327 537 359 et
564 322 746 368 speciali.
774 332 823 358 ac
850 322 885 358 si
912 322 1083 358 inferius
1111 331 1243 367 genus
1271 321 1455 357 dicamus
1481 320 1691 366 generale,
1728 320 1905 357 medium
1933 329 2000 366 ge-

339 389 532 426 neralius.
561 396 795 433 supremum
834 387 1201 433 generalissimum.
1255 385 1449 421 Similiter
1484 385 1649 430 species
1686 385 1876 430 superior
1909 394 2000 430 spe-

339 453 465 490 cialis,
494 453 630 488 media
662 452 893 497 specialior,
920 451 1063 487 infima
1090 450 1392 496 specialissima
1419 450 1575 486 dicitur.
1627 450 1687 486 Sit
1721 452 1875 486 aulem.
1926 448 2002 485 Ex-

340 517 475 562 empla
503 517 552 553 de
581 517 918 562 praedicamento
947 515 1206 552 substantiae
1234 515 1359 560 ponit.
1411 514 1657 550 Substantia
1697 517 1753 550 est
1780 514 2001 559 quiddam.

341 581 564 622 ‚Quiddam
579 591 653 627 per
667 581 956 618 excellentiam
970 580 1076 620 dicit.
1093 580 1188 626 quia
1198 579 1361 625 dignius
1376 579 1417 615 id
1431 581 1491 615 est
1507 579 1669 618 ceteris,
1685 588 1792 624 quae
1807 579 2001 619 continet,
2022 587 2039 612 5

340 649 381 683 et
407 647 522 692 prius
550 646 803 682 naturaliter.
856 645 930 681 Vel
956 645 1050 681 ideo
1074 644 1287 689 ,quiddanr
1312 644 1419 687 dicit,
1446 646 1488 680 ut
1515 644 1816 689 simplicitatem
1839 645 2002 680 senten-

340 711 422 746 tiae
439 710 527 746 eius
544 710 747 745 ostendat.
798 709 1044 746 ,Animatum
1059 716 1220 752 corpus·
1245 708 1309 744 vel
1333 707 1545 747 ,rationale
1568 707 1743 746 animal.
1771 709 1814 743 ut
1838 707 2002 752 species

342 775 432 812 sint.
461 774 690 819 composita
718 773 886 809 nomina
912 773 1105 819 intellige.
1165 773 1212 808 Et
1239 773 1313 817 qut
1345 774 1443 808 sunt
1475 772 1761 817 particulares
1799 772 2004 815 homines,

342 840 380 876 id
409 842 472 875 est
498 839 761 884 particularia
788 838 956 874 nomina
982 838 1202 873 hominum.

484 902 628 938 Solet
654 902 744 938 hoc
772 902 880 937 loco
907 901 1081 947 quaeri
1115 899 1165 937 de
1199 901 1277 937 hac
1304 900 1508 937 divisione
1543 900 1801 937 substantiae
1834 903 2004 943 <secun-
2025 909 2058 935 10

343 968 461 1009 dum>
484 976 605 1012 quam
633 967 713 1003 alia
736 976 997 1011 corporea.
1020 966 1101 1002 alia
1120 966 1439 1010 incorporea.
1467 975 1573 1010 quae
1595 966 1660 1002 hic
1687 966 1792 1002 solet
1813 965 2005 1007 adscribi,

344 1036 477 1068 utrum
505 1032 557 1068 sit
584 1031 807 1067 sufficiens.
860 1030 978 1071 Quod
1005 1040 1088 1066 non
1116 1030 1279 1066 videtur
1305 1032 1475 1075 propter
1499 1031 1706 1067 hominem
1731 1031 2004 1076 compositum

343 1106 397 1132 ex
425 1097 562 1133 anima
585 1098 626 1132 et
652 1105 839 1140 corpore.
868 1096 1019 1140 quippe
1046 1095 1137 1140 ipse
1165 1104 1242 1131 nec
1270 1105 1496 1140 corporeus
1529 1105 1607 1132 nec
1634 1096 1903 1141 incorporeus
1931 1097 2005 1137 est,

343 1161 524 1205 alioquin
552 1169 703 1205 corpus
740 1159 860 1195 simul
896 1161 1009 1195 esset
1044 1159 1212 1204 spiritus
1247 1160 1314 1195 vel
1349 1159 1650 1204 incorporeum.
1703 1159 1784 1196 Sed
1820 1159 2006 1205 profecto

342 1235 495 1271 corpus
523 1227 563 1261 et
590 1225 757 1270 spiritus
790 1224 909 1260 simul
942 1233 1078 1269 neque
1106 1233 1257 1269 corpus
1294 1226 1389 1260 sunt
1420 1233 1558 1269 neque
1593 1224 1770 1269 spiritus.
1822 1223 1863 1260 Si
1898 1224 2007 1261 enim
2029 1233 2062 1259 15

344 1300 496 1336 corpus
524 1292 565 1326 et
592 1290 760 1335 spiritus
788 1299 939 1334 corpus
976 1290 1130 1327 essent,
1164 1289 1261 1325 item
1298 1298 1448 1334 corpus
1484 1291 1525 1325 et
1559 1299 1642 1324 non
1679 1299 1830 1334 corpus
1865 1290 2008 1325 essent

343 1364 505 1400 corpus.
533 1356 574 1390 et
600 1354 657 1390 ita
683 1354 749 1390 vel
776 1353 1002 1390 animatum
1027 1353 1095 1389 vel
1128 1353 1408 1389 inanimatum.
1461 1352 1579 1393 Quod
1613 1353 1647 1389 si
1673 1354 1891 1398 utrumque
1925 1353 2008 1389 ani-

344 1422 494 1456 matum
533 1422 610 1460 est,
657 1419 776 1454 simul
821 1428 896 1463 per
931 1418 1111 1454 animam
1143 1417 1416 1455 vivificantur.
1459 1418 1569 1463 quod
1606 1418 1756 1454 falsum
1797 1419 1871 1460 est,
1916 1427 2008 1454 cum

344 1485 475 1521 solum
504 1494 654 1529 corpus
682 1484 821 1520 anima
841 1483 1036 1519 vivificet.
1082 1483 1322 1528 Amplius.
1369 1482 1410 1519 Si
1437 1484 1500 1519 est
1527 1483 1764 1523 animatum,
1790 1483 1859 1519 vel
1879 1483 2009 1519 sensi-

344 1550 426 1586 bile
447 1550 513 1585 vel
534 1549 776 1585 insensibile
786 1557 793 1591 ;
822 1548 931 1593 quod
959 1548 993 1584 si
1021 1548 1229 1589 sensibile,
1257 1550 1353 1584 tunc
1381 1549 1445 1584 est
1471 1547 1634 1589 animal,
1657 1550 1662 1591 Ι
1686 1547 1804 1584 etita
1835 1548 2009 1584 mortale
2029 1555 2064 1581 20

345 1615 413 1650 vel
448 1615 690 1650 immortale.
743 1613 861 1654 Quod
901 1613 936 1649 si
962 1614 1147 1654 mortale,
1175 1613 1241 1649 vel
1274 1613 1356 1649 tale
1392 1613 1577 1654 mortale,
1615 1613 1723 1658 quod
1760 1613 2010 1658 quandoque

345 1678 555 1719 moriatur,
592 1678 659 1713 vel
686 1677 780 1718 tale,
820 1677 930 1721 quod
962 1686 1185 1721 numquam
1217 1676 1426 1712 morietur.
1478 1675 1560 1712 Sed
1587 1676 1624 1712 si
1649 1677 1899 1722 quandoque
1927 1686 2010 1713 mo-

346 1743 486 1780 rietur.
515 1742 765 1787 quandoque
792 1742 870 1778 erit
894 1743 1111 1783 mortuum,
1145 1742 1186 1778 et
1223 1741 1280 1778 ita
1312 1742 1378 1777 vel
1417 1741 1540 1777 homo
1572 1743 1758 1778 mortuus
1785 1741 1852 1778 vel
1889 1741 2009 1778 aliud.

345 1807 463 1848 Quod
492 1808 526 1843 si
552 1808 675 1844 homo
704 1808 889 1843 mortuus
916 1808 1133 1851 utrumque
1159 1808 1279 1843 erunt
1306 1806 1425 1842 simul
1445 1816 1595 1851 corpus
1624 1808 1665 1842 et
1685 1806 1833 1848 anima,
1861 1808 2012 1842 utrum-

346 1882 427 1918 que
451 1873 527 1909 erit
554 1873 747 1911 cadaver,
775 1872 884 1916 quod
913 1873 1056 1917 aperte
1083 1871 1231 1907 falsum
1260 1873 1332 1907 est.
1385 1871 1426 1908 Si
1453 1871 1546 1916 quis
1567 1873 1704 1907 autem
1725 1871 1834 1908 dicat
1859 1880 2010 1916 corpus
2031 1879 2066 1904 25

346 1940 386 1974 et
419 1937 599 1974 animam
632 1937 735 1973 mori
769 1937 867 1973 nihil
894 1936 1004 1973 aliud
1031 1945 1128 1973 esse
1163 1945 1284 1981 quam
1313 1946 1364 1972 ea
1390 1936 1578 1981 separari
1611 1936 1662 1972 ab
1696 1936 1884 1976 invicem.
1925 1938 2011 1972 tum

345 2004 564 2047 utrumque
605 2004 844 2047 separatum
885 2002 936 2038 ab
985 2002 1115 2038 altero
1161 2002 1379 2046 utrumque
1419 2002 1623 2037 mortuum
1669 2001 1839 2043 dicetur,
1879 2003 1920 2038 et
1954 2000 2012 2037 ita

347 2068 495 2107 anima.
523 2077 614 2104 cum
642 2069 781 2103 tamen
816 2076 907 2102 eam
934 2067 1206 2103 immortalem
1234 2066 1401 2102 omnino
1430 2066 1683 2102 constituant
1710 2065 1945 2111 philosophi
1971 2068 2013 2102 et

348 2133 480 2169 solum
507 2141 658 2177 corpus
693 2131 797 2168 mori
831 2131 970 2172 velint,
1007 2131 1104 2176 quia
1138 2131 1237 2167 nihil
1274 2133 1337 2167 est
1372 2131 1482 2167 aliud
1517 2131 1622 2167 mori
1649 2140 1771 2176 quam
1805 2131 2012 2176 exstingui

348 2198 572 2234 recedente
609 2197 758 2235 anima.
796 2206 877 2242 qua
903 2196 1205 2233 vivificabatur.
2031 2208 2066 2234 30

491 2262 611 2299 Sunt
638 2264 801 2299 autem
829 2262 911 2307 qui
936 2262 1193 2307 praedictam
1221 2261 1479 2298 substantiae
1502 2261 1747 2298 divisionem
1775 2271 1850 2307 per
1870 2270 2014 2306 corpo-

350 2337 464 2364 reum
492 2330 532 2364 et
560 2327 851 2373 incorporeum
879 2327 1157 2363 sufficientem
1186 2336 1282 2363 esse
1310 2327 1361 2363 de
1395 2326 1570 2372 simplici
1603 2326 1847 2368 substantia,
1879 2326 1919 2363 id
1951 2328 2014 2362 est

351 2402 401 2429 ea
428 2402 535 2438 quae
564 2401 646 2428 una
672 2401 740 2428 res
769 2394 833 2429 est
858 2401 933 2437 per
959 2393 1161 2433 naturam,
1189 2392 1338 2432 dicunt,
1371 2391 1579 2427 hominem
1607 2401 1708 2428 vero
1741 2391 2013 2437 compositum

350 2467 432 2494 non
454 2467 577 2493 unam
605 2457 878 2493 substantiam
899 2458 1061 2497 vocant,
1089 2457 1164 2492 sed
1184 2456 1460 2501 multiplicem,
1488 2456 1528 2492 id
1550 2457 1614 2492 est
1634 2457 1782 2493 multas
1803 2456 2015 2502 pluraliter

351 2523 500 2563 dicunt,
535 2522 640 2558 sicut
672 2522 780 2558 hunc
806 2521 1014 2558 hominem
1043 2523 1084 2557 et
1109 2521 1218 2557 hunc
1245 2521 1416 2562 asinum,
1445 2521 1513 2566 qui
1545 2521 1663 2557 simul
1690 2521 1850 2566 accepti
1876 2529 2013 2566 neque
2033 2529 2069 2555 3⁵

350 2587 553 2624 rationale
593 2589 688 2623 sunt
729 2596 864 2632 neque
903 2587 1155 2625 irrationale.
1202 2587 1276 2622 sed
1316 2588 1532 2631 utrumque
1572 2586 1702 2627 simul,
1745 2595 1837 2622 cum
1875 2587 2014 2622 tamen

351 2652 504 2689 animal
531 2652 774 2697 simpliciter
805 2654 1022 2697 acceptum
1055 2661 1130 2696 per
1166 2651 1368 2687 rationale
1409 2653 1450 2687 et
1482 2651 1721 2687 irrationale
1760 2650 2017 2687 sufficienter

352 2717 566 2753 dividatur.
618 2716 714 2753 Nos
742 2719 905 2752 tamen
931 2726 1055 2753 unam
1082 2725 1168 2752 rem
1196 2725 1271 2761 per
1296 2717 1485 2752 naturam
1507 2716 1715 2752 hominem
1742 2715 2015 2761 compositum

352 2782 536 2823 dicimus,
578 2781 647 2826 qui
687 2781 814 2818 solius
854 2781 1097 2826 operatione
1136 2782 1311 2817 naturae
1349 2780 1389 2816 in
1428 2790 1551 2817 unam
1591 2781 1755 2826 penitus
1794 2789 2015 2826 personam

352 2847 500 2887 unitur,
545 2848 653 2883 teste
689 2848 828 2883 autem
874 2846 1085 2883 Boethio
1126 2846 1169 2881 in
1210 2845 1340 2881 libro
1380 2845 1438 2882 de
1476 2845 1758 2882 Trinitate1.
1817 2845 1936 2882 Unde
1975 2845 2015 2881 et
2035 2852 2070 2878 40

494 2968 551 3000 2-3
579 2965 767 3008 specialis]
788 2967 1009 3009 specialiaA
1068 2967 1086 2999 3
1108 2966 1305 2999 intermaA
1371 2967 1389 2998 7
1417 2953 1486 2999 ΑῙ-ε.
1505 2966 1599 2999 th
1672 2967 1713 2999 18
1741 2963 1914 3006 animam]
1941 2964 2016 2997 ani-

353 3029 488 3059 matum
508 3027 538 3059 A
637 3027 680 3059 26
701 3023 788 3068 tum]
814 3035 895 3059 cum
916 3026 946 3059 A
1044 3026 1087 3058 40
1114 3026 1285 3058 uniuntur
1309 3025 1337 3058 A

495 3096 505 3118 ¹
535 3097 695 3135 Boeth„
724 3098 775 3130 Dp
804 3097 902 3130 Trin.
931 3105 959 3130 c.
987 3097 1026 3129 11.
1054 3096 1109 3128 PL
1136 3096 1190 3134 64,
1220 3096 1311 3128 1250
1330 3096 1366 3128 C.
