2200 3387
365 254 433 289 266
766 255 873 288 Peter
900 253 1104 287 Abaelards
1133 253 1267 296 Logica
1294 252 1618 295 ‚ingredientibus‘.

366 352 571 389 contraria
598 351 846 388 immediata.
899 349 1016 391 Quod
1045 350 1079 387 si
1107 350 1197 395 quis
1218 351 1344 386 totam
1367 349 1654 386 collectionem
1677 349 1897 385 sanitatum
1920 349 2029 386 dicat

366 417 644 454 immediatam
672 417 724 453 ad
760 417 887 453 totam
915 416 1203 452 collectionem
1239 414 1542 460 aegritudinum
1569 414 1678 450 nullo
1706 413 1828 450 modo
1855 414 2028 455 videtur,

367 491 457 517 cum
484 491 566 517 non
595 490 716 517 omne
743 479 895 516 animal
921 479 987 515 vel
1015 480 1121 515 banc
1154 479 1307 515 habeat
1333 478 1620 514 collectionem
1647 478 1712 514 vel
1748 477 1868 518 illam,
1905 477 2028 514 immo

367 547 517 583 nullum
540 547 646 582 hanc
667 545 732 582 vel
754 544 863 581 illam
888 543 1022 584 habet,
1050 544 1126 580 nisi
1153 544 1243 588 quis
1270 544 1375 579 forte
1403 543 1459 579 ita
1481 542 1747 579 collectiones
1768 542 2028 578 immediatas

366 621 462 648 esse
479 614 617 656 ponat.
633 611 741 656 quod
759 618 841 645 non
857 609 1181 654 unumquodque
1204 608 1354 645 animal
1377 608 1528 644 habeat
1549 607 1656 644 hanc
1676 608 1802 643 totam
1824 606 2029 643 collectio·
2049 611 2066 638 5

366 684 459 711 nem
487 675 554 711 vel
582 674 702 714 illam,
742 672 815 709 sed
842 671 993 716 aliquid
1022 672 1072 708 de
1100 672 1177 708 hac
1204 671 1449 708 collectione
1477 671 1543 707 vel
1570 671 1621 707 de
1656 670 1736 706 illa.
1788 669 1869 706 Sed
1905 679 2030 715 expe·

365 739 489 775 ditius
517 740 591 776 est.
620 740 662 774 ut
689 737 739 774 ad
768 734 936 773 nomina
964 736 1014 772 de
1043 737 1188 781 quibus
1216 735 1450 773 intenditur.
1484 734 1778 771 mediationem
1806 733 2030 770 contrario-

366 811 453 838 rum
482 802 548 838 vel
575 801 928 839 immediationem
956 801 1286 837 accomodemus.

506 866 552 902 Et
580 853 803 906 attende,
832 867 941 912 quod
969 864 1314 911 quemadmodum
1334 864 1439 900 haec
1458 863 1627 900 nomina
1653 863 1812 899 sanitas
1834 864 1875 899 et
1901 862 2031 909 aegri-

365 931 463 968 tudo
492 931 669 967 invicem
698 932 906 968 contraria
933 932 1122 968 dicuntur
1150 932 1190 966 et
1217 929 1403 965 similiter
1430 938 1576 965 sanum
1604 930 1645 964 et
1671 937 1852 973 aegrum,
1879 927 1936 964 ita
1961 936 2028 964 ae·
2051 929 2083 955 1⁰

366 996 541 1041 qualiter
568 998 740 1041 utraque
768 997 945 1033 invicem
973 995 1211 1032 immediata
1238 995 1437 1033 dicuntur.
1465 993 1623 1029 sanitas
1646 993 1809 1038 quidem
1831 994 1872 1029 et
1899 992 2030 1039 aegri-

364 1060 461 1096 tudo
489 1060 529 1096 in
558 1059 703 1096 eodem
732 1069 899 1105 semper
925 1059 1091 1096 animali
1118 1059 1389 1104 permanente
1424 1058 1533 1094 inest
1559 1057 1596 1093 ei
1624 1057 1690 1093 vel
1716 1066 1784 1093 res
1811 1057 1931 1093 huius
1958 1066 2029 1092 no-

366 1125 486 1161 minis
507 1125 572 1161 vel
594 1125 717 1167 illius;
747 1134 892 1161 sanum
913 1133 1014 1161 vero
1037 1125 1077 1160 et
1099 1133 1268 1169 aegrum
1290 1122 1527 1159 immediata
1549 1124 1643 1158 sunt
1664 1122 1890 1158 seeundum
1912 1130 2030 1167 prae·

365 1190 626 1228 dicationem,
654 1190 750 1235 quia
777 1190 935 1226 scilicet
963 1198 1129 1234 semper
1156 1188 1308 1224 animal
1335 1190 1405 1224 aut
1432 1197 1578 1224 sanum
1606 1189 1676 1223 aut
1709 1196 1892 1233 aegrum.
1943 1186 2028 1224 Hos

365 1257 503 1291 autem
538 1256 641 1291 duos
678 1254 998 1291 immediationis
1034 1254 1181 1290 modos
1216 1255 1299 1289 tam
1336 1253 1375 1288 in
1409 1252 1680 1288 substantivis
1719 1261 1841 1297 quam
1879 1252 1920 1288 in
1958 1252 2028 1288 ad·
2050 1259 2082 1285 15

365 1320 525 1356 iectivis
561 1319 797 1356 nominibus
834 1319 924 1365 ipse
962 1319 1150 1364 assignat
1187 1318 1346 1354 dicens:
1383 1318 1429 1354 in
1469 1318 1624 1358 quibus
1658 1319 1763 1353 nata
1800 1319 1899 1353 sunt
1936 1317 2029 1353 sieri

365 1388 562 1431 quantum
588 1386 641 1421 ad
670 1385 931 1421 substantiva
950 1384 1130 1424 nomina,
1152 1385 1228 1419 aut
1256 1383 1304 1419 cle
1325 1383 1479 1424 quibus
1498 1383 1812 1428 praedicantur
1831 1383 2030 1427 quantum

367 1451 419 1487 ad
459 1452 633 1495 sumpta.
685 1450 960 1486 Continuatio.
1012 1449 1054 1485 In
1094 1449 1172 1485 hoc
1211 1448 1463 1485 conveniunt
1502 1447 1640 1484 omnia
1678 1447 1886 1484 contraria
1921 1447 2031 1493 quod

366 1516 443 1551 hoc
470 1516 605 1561 ipsum
633 1516 741 1560 quod
771 1516 876 1555 sunt,
905 1515 1095 1551 dicuntur
1122 1514 1174 1550 ad
1201 1513 1391 1555 invicem,
1419 1513 1493 1549 sed
1521 1513 1562 1549 in
1594 1513 1673 1549 hoc
1700 1512 1894 1548 differunt
1919 1511 2030 1557 quod

367 1580 573 1626 quaedam
602 1582 696 1616 sunt
723 1580 972 1619 immediata,
1000 1579 1205 1624 quaedam
1233 1578 1424 1614 mediata.
1476 1578 1523 1614 Et
1555 1578 1667 1623 prius
1699 1577 1938 1614 immediata
1964 1577 2031 1613 de·
2050 1580 2085 1607 20

366 1645 506 1681 scribit
533 1645 694 1681 dicens:
736 1645 1034 1688 Quaecumque
1067 1644 1118 1680 de
1151 1652 1323 1679 numero
1363 1643 1684 1679 contrariorum
1711 1642 1820 1678 talia
1845 1644 1956 1685 sunt,
1984 1643 2030 1678 ut

368 1711 649 1746 necessarium
679 1710 733 1746 sit
767 1718 932 1754 semper
965 1708 1174 1745 existente
1212 1708 1413 1749 subiecto,
1450 1708 1489 1744 id
1526 1709 1591 1744 est
1627 1707 1944 1743 determinatum
1977 1716 2030 1743 ex

366 1775 425 1811 rei
453 1777 611 1817 natura,
648 1775 833 1811 alterum
861 1784 1011 1810 eorum
1038 1774 1172 1810 inesse
1206 1773 1247 1808 in
1274 1773 1337 1809 his
1364 1773 1411 1809 in
1439 1773 1592 1814 quibus
1618 1774 1722 1808 nata
1750 1774 1849 1808 sunt
1874 1772 1967 1808 sieri
1993 1773 2030 1808 et

367 1841 416 1876 cle
444 1840 599 1881 quibus
623 1839 947 1884 praedicantzm
982 1847 1131 1873 eorum
1165 1837 1228 1873 nil
1255 1839 1312 1873 est
1346 1837 1547 1879 medium,
1582 1837 1661 1873 hoc
1696 1838 1760 1872 est
1793 1835 2031 1872 immediata

366 1906 472 1941 sunt.
524 1904 589 1941 Sic
617 1904 841 1949 distingue:
871 1902 1036 1939 Sanitas
1059 1905 1099 1938 et
1126 1902 1355 1947 aegritudo,
1383 1902 1488 1938 haec
1508 1902 1686 1943 nomina,
1707 1901 1915 1938 contraria
1935 1902 2030 1937 sunt
2048 1903 2084 1931 25

366 1969 604 2005 immediata
633 1970 672 2004 et
699 1968 854 2003 habent
880 1967 1090 2012 proprium
1118 1966 1385 2011 susceptibile
1412 1967 1492 2002 hoc
1523 1975 1675 2002 nomen
1701 1965 1853 2002 animal
1884 1973 2030 2001 secun·

367 2034 460 2070 dum
489 2033 849 2079 significationem,
878 2032 973 2076 quia
1000 2032 1157 2067 scilicet
1182 2040 1252 2067 res
1273 2031 1430 2067 illorum
1452 2031 1662 2067 nominum
1682 2030 1848 2076 proprie
1868 2029 2028 2066 formae

367 2100 461 2135 sunt
487 2108 624 2134 rerum
653 2097 887 2133 huiusmodi
915 2096 1023 2141 quod
1052 2097 1116 2132 est
1142 2096 1305 2135 animal,
1334 2097 1376 2132 et
1402 2104 1580 2132 necesse
1609 2097 1682 2135 est,
1719 2095 1759 2131 id
1795 2096 1860 2131 est
1896 2095 2029 2131 deter-

367 2164 575 2200 minatum.
604 2171 770 2207 semper
797 2162 971 2197 alterum
1004 2162 1162 2197 illorum
1200 2161 1410 2197 nominum
1447 2161 1540 2197 huic
1575 2161 1716 2196 inesse
1744 2161 1940 2204 quantum
1976 2159 2029 2196 ad

366 2228 723 2275 significationem,
746 2227 841 2272 quia
869 2226 1025 2263 scilicet
1052 2236 1120 2262 res
1149 2226 1286 2271 aliqua
1313 2226 1425 2262 omni
1450 2227 1650 2271 tempore,
1678 2235 1758 2270 quo
1786 2225 1939 2261 animal
1965 2225 2029 2260 est
2047 2225 2083 2252 30

366 2293 433 2328 vel
460 2292 680 2328 sanitatem
709 2291 835 2327 habet
868 2290 933 2327 vel
961 2290 1274 2335 aegritudinem,
1312 2291 1352 2325 et
1378 2290 1524 2326 eadem
1553 2289 1603 2325 de
1640 2299 1770 2326 causa
1805 2298 1951 2325 sanum
1987 2290 2029 2325 et

367 2367 549 2403 aegrum,
587 2357 693 2393 haec
729 2358 888 2401 sumpta
927 2355 1105 2391 nomina.
1152 2356 1348 2399 quantum
1394 2354 1446 2390 ad
1482 2354 1830 2400 significationem
1868 2353 2027 2390 formae

366 2421 607 2457 immediata
640 2420 838 2460 dicuntur,
877 2419 1106 2455 secundum
1133 2419 1243 2464 quod
1279 2419 1401 2455 etiam
1439 2419 1563 2454 habet
1598 2418 1833 2463 praedicari
1859 2418 1911 2454 de
1938 2418 2027 2454 sub·

366 2487 474 2522 iecto
497 2495 662 2530 semper
683 2485 857 2521 alterum
879 2494 1033 2520 eorum.
1085 2483 1207 2519 Addit
1227 2484 1352 2519 enim:
1381 2484 1432 2520 de
1455 2483 1601 2528 quibus
1622 2483 1778 2519 habent
1797 2482 2028 2528 praedicari

367 2558 653 2595 quaecumque
682 2550 821 2593 utpote
842 2548 944 2584 fieri.
974 2548 1013 2583 id
1035 2553 1098 2583 est
1120 2548 1228 2583 circa
1250 2548 1458 2592 proprium
1481 2546 1758 2592 susceptibile.
1808 2546 1898 2583 Non
1920 2545 2029 2583 enim
2048 2549 2083 2576 35

365 2614 605 2650 immediata
631 2614 695 2649 vel
723 2613 903 2649 mediata
931 2613 1138 2648 contraria
1164 2612 1382 2657 pensanda
1409 2614 1504 2648 sunt
1531 2612 1607 2648 nisi
1634 2613 1831 2657 quantum
1858 2612 1910 2648 ad
1939 2621 2030 2657 pro-

371 2679 502 2724 prium
530 2678 770 2714 subiectum.
822 2677 934 2713 Licet
961 2677 1070 2713 enim
1097 2686 1220 2713 omne
1248 2686 1397 2722 corpus
1426 2686 1507 2713 non
1541 2677 1766 2713 coloratum
1802 2676 1937 2713 medio
1965 2685 2030 2713 co-

366 2744 455 2780 lore
483 2744 535 2779 sit
561 2743 699 2779 album
725 2742 792 2779 vel
819 2742 991 2788 nigrum,
1019 2744 1158 2778 tamen
1186 2751 1269 2778 non
1296 2742 1390 2778 ideo
1412 2742 1548 2778 album
1576 2742 1642 2778 vel
1668 2741 1829 2787 nigrum
1856 2741 2029 2778 dicimus

365 2808 616 2849 immediata,
644 2807 741 2853 quia
774 2808 856 2843 tale
884 2816 1034 2852 corpus
1061 2816 1143 2843 non
1172 2809 1236 2843 est
1261 2806 1472 2852 proprium
1508 2806 1774 2852 susceptibile
1807 2805 2030 2842 contrario-

367 2881 455 2908 rum
477 2872 648 2912 illorum‚
670 2872 745 2908 sed
765 2870 1015 2916 simpliciter,
1038 2871 1148 2916 quod
1168 2871 1430 2916 postmodum
1447 2870 1762 2907 convenientius
1782 2869 2027 2915 aperiemus,
2048 2873 2082 2899 ⁴0

366 2937 436 2973 ubi
462 2936 619 2973 scilicet
652 2936 803 2972 dicet1:
845 2936 1004 2977 ,albedo
1045 2944 1146 2971 vero
1187 2937 1227 2972 et
1259 2934 1432 2981 nigredo
1472 2934 1712 2980 simpliciter
1748 2934 1790 2970 in
1828 2937 2026 2979 corpore.‘

510 3041 528 3071 5
551 3039 647 3080 quod
667 3037 753 3079 non]
774 3048 846 3072 non
868 3048 976 3079 quam
996 3039 1025 3071 A
1126 3040 1169 3071 25
1191 3038 1249 3072 Sic
1271 3039 1300 3071 A
1399 3039 1442 3072 30
1465 3036 1603 3079 aliqua]
1624 3037 1705 3071 aliis
1729 3038 1759 3071 A
1851 3038 1894 3070 35
1916 3045 2026 3078 quae-

367 3096 537 3139 cumque]
565 3099 656 3139 qfiq3
683 3098 724 3130 A.

511 3162 521 3183 ¹
548 3163 694 3196 Boeth.
723 3163 744 3195 l.
773 3172 809 3200 6.,
838 3171 871 3203 p.
901 3162 966 3195 282
983 3162 1021 3195 D.
1076 3162 1125 3195 Gr.
1152 3162 1259 3195 infra
1285 3171 1318 3203 p.
1347 3161 1424 3195 284.
