2200 3387
789 193 815 224 l.
845 191 909 223 Die
937 191 1091 223 Glossen
1122 200 1164 222 zu
1195 190 1428 230 Porphyrius.
1929 202 1938 221 ι

273 290 349 326 bus
376 291 471 336 quid
499 290 773 336 aequivocum
811 288 864 324 sit
898 288 963 324 vel
1001 298 1082 324 non
1119 287 1181 325 sit.
1218 288 1496 333 cognoscitur.
1549 287 1609 323 Ad
1647 297 1739 322 eam
1777 297 1944 332 quoque

271 355 516 391 divisionem
546 363 654 399 quae
676 353 904 390 secundum
934 352 1130 388 accidens
1159 353 1234 390 est.
1263 351 1491 387 accidentis
1513 351 1708 395 cognitio.
1736 361 1817 395 quo
1855 351 1946 396 ipsa

271 420 546 458 constituitur.
575 419 819 455 necessaria
847 419 921 457 est.
950 420 1091 453 cetera
1113 426 1214 452 vero
1237 417 1288 452 ad
1311 417 1605 452 discretionem
1627 417 1756 461 ipsius
1779 426 1944 461 quoquc

270 489 453 531 prosunt.
491 474 758 530 alioquin'ita
797 493 930 529 genus
970 483 1009 518 in
1053 483 1218 528 species
1253 482 1317 518 vel
1356 482 1615 518 differentias
1652 482 1944 522 divideremus,

234 565 249 589 5
271 551 376 588 sicut
404 551 602 588 accidens
631 550 670 586 in
699 550 898 586 subiecta.

411 617 472 653 Ad
495 616 770 652 inveniendas
793 623 958 660 quoque
979 613 1450 659 argumentationes
1474 614 1537 649 vel
1561 613 1612 649 ad
1635 613 1944 649 confirmandas

269 683 462 719 inventas
500 682 645 718 horum
673 680 854 726 quinque
893 679 1050 717 notitia.
1092 681 1134 715 ut
1170 689 1297 724 supra
1331 679 1604 718 meminimus.
1641 681 1786 724 aperte
1823 679 1944 714 valet.

270 748 369 784 Nam
399 750 438 784 et
459 747 686 784 secundum
710 745 878 792 generis
901 747 941 781 et
968 744 1126 790 speciei
1149 747 1337 780 naturam
1361 753 1435 780 seu
1456 744 1629 780 aliorum
1647 746 1688 780 et
1709 744 1944 780 invenimus

269 815 516 859 argumenta
543 814 583 848 et
610 811 907 848 confirmamus
936 810 1119 846 inventa.
1159 810 1277 850 Quod
1306 812 1444 846 autem
1473 809 1718 846 Boethius
1747 809 1825 845 hoc
1853 810 1944 845 loco

218 890 248 915 ιυ
269 879 373 915 haec
395 878 575 923 quinque
597 877 722 913 sedes
744 876 1078 922 syllogismorum
1101 876 1317 921 appellat1.
1346 878 1492 911 contra
1519 876 1597 911 hoc
1621 879 1625 917 Ι
1649 875 1812 911 videtur
1833 875 1942 920 quod
1987 903 1992 908 .

268 944 460 980 nolumus
505 952 600 979 esse
638 943 754 979 locos
798 942 836 978 in
883 941 1175 987 complexione
1219 941 1406 987 perfecta
1450 941 1795 987 syllogismorum.
1864 940 1945 977 Sed

268 1009 455 1055 profecto
484 1008 666 1054 speciale
694 1008 941 1044 vocabulum
969 1017 1044 1053 pro
1072 1017 1228 1054 genere
1257 1007 1447 1046 abutitur.
1475 1006 1760 1053 syllogismum
1788 1006 1947 1042 scilicet

268 1084 342 1121 pro
370 1074 732 1120 argumentatione
761 1083 933 1119 ponens.
971 1073 1154 1118 alioquin
1192 1072 1408 1109 utilitatem
1447 1072 1662 1112 minueret,
1699 1072 1733 1107 si
1764 1081 1856 1108 eam
1893 1072 1945 1108 ad

268 1140 535 1186 syllogismos
561 1141 720 1176 tantum
755 1139 954 1185 dirigeret
990 1140 1031 1174 et
1065 1148 1146 1175 non
1181 1138 1436 1184 generaliter
1462 1137 1514 1174 ad
1548 1147 1694 1174 omnes
1729 1146 1947 1183 argumen-

216 1211 248 1236 1⁵
270 1205 461 1244 tationes.
502 1215 610 1251 quae
647 1205 835 1241 similiter
870 1214 895 1241 a
928 1204 1208 1250 Porphyrio
1252 1204 1630 1240 demonstrationes
1673 1203 1945 1248 appellantur.

268 1271 443 1307 Possunt
482 1271 606 1308 etiam
652 1270 849 1316 perfectis
891 1279 1056 1316 quoque
1098 1269 1459 1315 complexionibus
1500 1269 1834 1315 syllogismorum
1868 1268 1946 1304 loci

268 1336 575 1383 quodammodo
603 1336 822 1381 assignari.
858 1346 939 1372 non
974 1338 1017 1371 ut
1044 1345 1187 1371 eorum
1215 1345 1290 1380 per
1314 1344 1359 1371 se
1388 1335 1480 1374 sint.
1515 1334 1588 1370 sed
1610 1334 1707 1379 quia
1728 1334 1780 1369 ad
1803 1343 1944 1369 eorum

269 1412 434 1448 quoque
462 1402 612 1438 adduci
633 1401 887 1438 evidentiam
910 1403 1084 1447 possunt
1104 1411 1180 1446 per
1199 1400 1559 1437 confirmationem
1591 1399 1946 1444 enthymematum

269 1477 377 1514 quae
406 1478 459 1504 ex
487 1467 548 1504 eis
570 1468 785 1504 ducuntur.
834 1467 949 1503 Nunc
970 1468 1109 1503 autem
1135 1467 1197 1503 his
1219 1467 1271 1503 de
1297 1466 1472 1502 utilitate
1502 1465 1684 1502 ostensis
1705 1465 1757 1501 ad
1785 1465 1945 1501 literam

213 1537 250 1563 ‘2⁰
270 1534 503 1570 redeamus.

411 1599 648 1636 Altiorious
693 1599 877 1644 quidem.
931 1598 1148 1639 Quomodo
1193 1597 1537 1634 introductorium
1580 1597 1746 1633 modum
1793 1599 1946 1637 servet,

270 1665 475 1710 supponit,
503 1664 720 1701 abstinens
747 1664 904 1701 scilicet
932 1674 956 1700 a
989 1663 1306 1709 quaestionibus
1343 1663 1484 1699 arduis
1519 1664 1560 1699 et
1593 1662 1849 1699 obscuritate
1877 1663 1946 1698 im-

271 1728 419 1776 plicitis
446 1732 488 1766 et
514 1730 788 1776 simpliciores
821 1731 1007 1766 tractans
1044 1729 1319 1766 mediocriter.
1371 1729 1454 1764 Nec
1483 1730 1605 1764 vacat
1633 1728 1743 1773 quod
1770 1728 1827 1764 ait
1855 1737 1947 1766 ,me-

271 1796 494 1833 diocriter·:
522 1797 665 1841 posset
693 1796 802 1832 enim
830 1805 898 1831 res
926 1805 1023 1831 esse
1050 1794 1185 1831 facilis
1212 1794 1253 1830 in
1281 1804 1327 1831 se
1350 1804 1427 1830 nec
1448 1796 1587 1830 tamen
1610 1793 1743 1829 lucide
1765 1793 1947 1830 tractari.

215 1867 250 1892 25
414 1861 511 1897 Mo:
537 1862 587 1898 de
611 1861 846 1905 (leneribus.
900 1860 1016 1901 Quae
1050 1860 1132 1896 sint
1167 1860 1337 1896 altiores
1371 1860 1464 1896 illae
1499 1859 1779 1904 quaestiones.
1814 1859 1946 1895 deter-

270 1927 409 1966 minat.
437 1936 528 1963 cum
556 1929 696 1963 tamen
725 1936 799 1962 eas
827 1936 910 1962 non
944 1926 1155 1962 dissolvat.
1207 1925 1255 1962 Et
1288 1925 1339 1962 de
1374 1928 1550 1970 utroque
1584 1934 1714 1961 causa
1749 1924 1945 1964 redditur.

270 1993 379 2038 quod
401 1993 594 2029 videlicet
609 1994 651 2029 et
672 2002 745 2028 eas
765 1991 974 2037 inquirere
996 1991 1301 2037 praetermittat
1322 1992 1362 2027 et
1382 1993 1522 2027 tamen
1535 1990 1586 2026 de
1609 1990 1670 2026 eis
1692 1990 1945 2026 mentionem

269 2058 405 2095 faciat.
457 2058 554 2095 Ideo
582 2058 691 2094 enim
719 2067 793 2094 eas
830 2068 913 2094 non
950 2059 1112 2097 tractat,
1146 2057 1243 2102 quia
1278 2057 1392 2093 rudis
1423 2057 1554 2092 lector
1590 2056 1642 2092 ad
1675 2056 1945 2101 inquirendas

270 2133 343 2161 eas
370 2126 411 2160 et
437 2124 729 2169 percipiendas
758 2133 841 2160 non
869 2123 1033 2160 sufficit.
1079 2123 1176 2159 ideo
1198 2124 1338 2159 autem
1360 2122 1531 2158 easdem
1554 2124 1864 2159 commemorat.
1893 2130 1944 2157 ne

215 2197 250 2222 30
270 2190 468 2226 lectorem
503 2190 794 2236 neglegentem
830 2189 966 2225 faciat.
1028 2188 1070 2225 Si
1106 2188 1216 2225 enim
1250 2188 1418 2224 omnino
1456 2197 1530 2224 eas
1567 2187 1778 2224 tacuisset.
1815 2187 1946 2223 lector

271 2255 438 2291 omnino
478 2255 575 2291 nihil
614 2255 790 2301 amplius
836 2254 887 2291 de
934 2254 1025 2291 istis
1071 2254 1362 2300 inquirendum
1409 2262 1505 2290 esse
1548 2253 1756 2289 arbitrans
1801 2262 1942 2288 earum

270 2320 438 2357 omnino
454 2321 763 2366 inquisitionem
787 2321 1034 2366 despiceret.
1059 2319 1162 2356 Sunt
1180 2322 1320 2356 autem
1342 2322 1415 2356 tre
1427 2330 1457 2358 s,
1480 2322 1522 2355 ut
1544 2318 1785 2355 Boethius
1800 2321 1814 2343 2
1836 2318 1943 2356 dicit.

271 2388 462 2423 secretae
490 2389 531 2424 et
557 2387 756 2433 perutiles
784 2388 825 2423 et
857 2396 939 2423 non
968 2396 993 2423 a
1025 2386 1169 2432 paucis
1204 2386 1541 2431 philosophorum
1575 2387 1772 2423 tentatae.
1809 2385 1882 2421 sed
1919 2395 1944 2420 a

272 2452 416 2498 paucis
452 2453 690 2490 dissolutae.
752 2453 913 2490 Prima
954 2455 1094 2489 autem
1137 2454 1201 2489 est
1237 2452 1483 2490 huiusmodi.
1526 2454 1659 2488 utrum
1699 2461 1858 2497 genera
1904 2454 1944 2486 et

217 2523 253 2549 ³⁵
272 2522 436 2568 species
451 2521 681 2558 subsistant
701 2531 754 2557 an
773 2521 856 2557 sint
874 2520 1011 2566 posita
1026 2521 1066 2556 in
1089 2520 1187 2556 solis
1209 2521 1296 2558 etc..
1319 2529 1368 2556 ac
1388 2520 1422 2556 si
1444 2520 1621 2556 diceret:
1643 2522 1778 2556 utrum
1800 2531 1943 2557 verum

273 2596 370 2624 esse
398 2587 580 2623 habeant
607 2596 660 2623 an
686 2588 845 2623 tantum
872 2586 912 2622 in
946 2586 1142 2632 opinione
1176 2586 1420 2622 consistant.
1473 2585 1703 2622 Secunda
1735 2595 1836 2622 vero
1870 2588 1945 2627 est,

273 2652 307 2688 si
335 2654 619 2690 concedantur
640 2653 849 2690 veraciter
870 2662 978 2693 esse,
1003 2654 1137 2688 utrum
1165 2651 1378 2688 essentiae
1406 2652 1646 2696 corporales
1676 2651 1758 2687 sint
1785 2655 1861 2692 <an
1890 2651 1947 2687 in-

274 2720 526 2766 corporales.
563 2719 718 2756 tertia
750 2728 864 2759 vero,
900 2719 1034 2754 utrum
1071 2719 1270 2763 separata
1309 2717 1414 2758 sint>
1451 2726 1475 2753 a
1511 2717 1778 2753 sensibilibus
1816 2727 1867 2753 an
1906 2717 1945 2753 in

418 2872 438 2904 2
467 2871 656 2912 quoqueA
736 2872 752 2903 4
782 2871 832 2904 ita
846 2871 893 2909 A2
919 2870 1036 2903 totaA
1091 2870 1338 2902 divideremus
1354 2869 1400 2907 ΑΞ
1427 2868 1663 2901 dividimusA
1734 2869 1753 2900 9
1782 2869 1885 2905 Quod
1900 2868 1947 2907 ΑΕ

277 2940 385 2972 quam
405 2930 434 2964 A
502 2931 543 2963 18
571 2931 883 2971 emptimematum
904 2930 932 2962 A
1008 2930 1050 2961 24
1080 2929 1198 2961 lucide
1219 2928 1301 2967 A2L
1327 2928 1493 2960 dilicidus
1514 2928 1543 2960 A
1596 2928 1639 2960 28
1668 2928 1896 2968 inquirendis
1916 2927 1945 2960 A

275 2990 383 3022 37-38
410 2998 455 3022 an
472 3015 479 3021 .
496 2989 615 3022 ..sint
645 2988 779 3021 addidi
804 2998 872 3021 sec.
901 2988 1051 3030 Por-ph..
1080 2989 1173 3029 quia
1198 2997 1268 3029 per
1294 2987 1596 3028 (lilloyraphiam
1626 2987 1770 3019 omissa

419 3071 430 3094 ¹
459 3072 630 3109 Boeth..
659 3072 703 3105 In
731 3071 869 3113 Porph.
897 3073 954 3105 ed.
982 3072 1032 3110 11..
1062 3081 1094 3112 p.
1120 3070 1240 3104 158¹1.
1363 3069 1377 3091 ²
1404 3071 1565 3103 Boeth..
1595 3070 1617 3102 I.
1645 3079 1683 3106 e..
1713 3079 1746 3110 p.
1778 3067 1898 3102 15917.

1977 1835 2111 1870 Boeth.

1976 1899 2011 1932 p.
2023 1890 2114 1923 159³
