2200 3387
336 217 380 251 54
737 221 843 253 Peter
869 221 1074 254 Abaelards
1100 222 1235 263 Logica
1262 223 1586 263 ,Ingredientibus‘.

338 316 582 361 terrogatio:
621 317 725 361 ,quid
761 319 846 355 est‘.
884 317 1184 354 rationabiliter
1218 328 1299 354 non
1325 318 1372 354 fit
1398 318 1478 354 nisi
1504 320 1556 356 ab
1583 328 1633 356 eo
1661 320 1729 365 qui
1754 320 1836 356 iam
1863 321 1994 358 credit

336 389 421 415 rem
450 389 540 415 eam
569 379 762 417 existere.
791 381 841 416 de
869 390 950 425 qua
971 381 1141 425 quaerit.
1193 381 1291 417 Cum
1313 381 1452 427 itaque
1475 382 1564 427 quis
1585 383 1746 428 quaerit
1772 384 1823 420 de
1844 384 1993 430 aliquo,

337 444 431 488 quid
461 444 522 481 sit.
557 446 712 480 certum
750 444 787 480 ei
821 454 914 480 esse
950 444 1030 480 iam
1068 446 1202 483 debet,
1231 447 1339 491 quod
1377 446 1540 483 existat.
1591 447 1709 484 Unde
1746 457 1822 484 ens
1858 448 1898 484 ei
1932 458 1994 485 re-

337 509 532 553 sponderi
560 519 640 544 non
669 509 874 545 convenit.

478 573 627 609 Probat
655 574 779 610 etiam
808 574 1046 611 Boethius
1074 585 1200 620 super
1226 576 1333 612 hunc
1360 577 1530 616 locum¹‚
1563 586 1615 612 ea
1650 577 1807 614 scilicet
1832 578 1993 615 ratione
2014 586 2032 611 5

336 639 373 675 id
403 640 510 683 quod
539 639 709 675 dicimus
742 648 815 684 per
841 649 928 677 ens,
968 640 1398 684 praedicamentorum
1433 650 1565 686 genus
1602 650 1698 678 esse
1733 652 1816 678 non
1851 649 1994 688 posse:

339 703 478 740 .Unius
506 703 615 740 enim
644 704 703 739 rei
730 705 810 740 duo
832 714 988 750 genera
1016 714 1111 740 esse
1140 715 1221 741 non
1250 707 1436 750 possunt,
1463 705 1542 742 nisi
1563 706 1738 742 alterum
1758 707 1877 743 alteri
1903 708 1996 744 sub-

336 769 491 804 iciatur.
543 768 602 804 Ac
638 769 671 804 si
709 769 789 804 duo
825 769 987 805 sibimet
1020 770 1075 805 ita
1112 770 1305 814 aequalia
1343 772 1448 809 sunt,
1485 772 1527 806 ut
1563 780 1785 815 numquam
1821 771 1995 808 alterum

337 833 453 869 alteri
481 835 747 878 supponatur.
775 834 879 869 haec
906 836 1079 879 utraque
1108 835 1292 870 eiusdem
1320 835 1473 879 speciei
1494 844 1651 880 genera
1672 844 1767 872 esse
1794 845 1877 872 non
1903 845 1996 881 pos-

338 900 442 934 sunt.
494 898 575 933 Ens
615 898 738 943 igitur
772 900 895 943 atque
933 908 1056 934 unum
1094 900 1284 935 neutrum
1322 899 1456 935 neutri
1494 900 1748 945 supponitur.
1800 899 1841 937 Si
1873 900 1996 947 igitur
2017 910 2051 936 10

339 963 533 1007 quoniam
561 972 635 998 ens
664 963 714 999 de
749 963 938 998 omnibus
975 963 1248 1008 praedicatur,
1287 964 1467 1000 omnium
1503 973 1634 1010 genus
1672 965 1758 1005 erit,
1795 966 1836 1001 et
1870 975 1995 1002 unum

338 1027 533 1063 similiter.
580 1027 659 1063 Sed
677 1037 801 1063 unum
823 1030 947 1072 atque
969 1037 1043 1063 ens
1066 1028 1389 1064 demonstratum
1411 1030 1475 1065 est
1497 1029 1662 1065 minime
1683 1030 1858 1066 alterum
1878 1030 1998 1067 alteri

338 1092 548 1137 praeponi.
601 1091 689 1127 Duo
716 1092 838 1137 igitur
864 1092 1056 1137 aequalia
1082 1092 1336 1138 singulorum
1371 1094 1804 1138 praedicamentorum
1839 1104 1998 1141 genera

338 1158 442 1193 sunt.
478 1157 586 1201 quod
623 1156 716 1192 fieri
750 1166 831 1192 non
865 1158 1025 1201 potest:
1078 1156 1159 1193 Sed
1197 1157 1238 1193 in
1278 1158 1355 1193 hac
1394 1158 1561 1203 quidem
1598 1159 1760 1195 ratione
1798 1159 1998 1196 Boethii

336 1222 444 1257 istud
473 1221 839 1257 contradicendum
866 1222 1040 1259 videtur.
1069 1223 1177 1266 quod
1205 1222 1348 1263 <dicit>
1375 1223 1495 1259 unius
1521 1223 1582 1259 rei
1609 1224 1689 1260 duo
1715 1233 1874 1269 genera
1899 1234 1996 1261 esse
2018 1236 2051 1261 15

336 1296 419 1322 non
446 1295 582 1331 posse,
610 1286 689 1322 nisi
715 1286 889 1321 alterum
917 1286 1035 1322 alteri
1063 1286 1298 1328 subiciatur,
1326 1296 1417 1323 cum
1445 1287 1603 1324 scilicet
1623 1288 1774 1324 animal
1794 1288 1997 1326 rationale

338 1353 378 1387 et
405 1351 557 1387 animal
584 1351 758 1386 mortale
786 1351 940 1386 homini
968 1351 1049 1387 sint
1075 1360 1232 1397 genera
1258 1353 1299 1387 et
1325 1353 1515 1388 neutrum
1543 1352 1595 1388 sit
1627 1353 1704 1388 sub
1740 1353 1884 1395 altero,
1919 1353 1999 1390 nisi

337 1417 444 1452 forte
472 1425 567 1452 esse
595 1417 670 1451 sub
698 1416 828 1451 altero
856 1416 969 1461 large
998 1416 1184 1461 accipiat,
1218 1416 1377 1453 scilicet
1414 1426 1488 1462 pro
1525 1417 1703 1462 supponi
1739 1427 1998 1464 quacumque

338 1481 648 1526 praedicatione
677 1480 805 1518 alteri,
833 1480 991 1517 scilicet
1017 1480 1084 1522 ita,
1113 1482 1155 1516 ut
1182 1481 1233 1516 ab
1255 1490 1305 1517 eo
1334 1481 1470 1526 aliqua
1502 1491 1639 1518 rerum
1667 1482 1922 1519 continentia
1947 1483 1999 1520 sit

338 1546 558 1583 diversum.
587 1546 692 1582 sicut
720 1546 932 1584 ‚rationale
960 1547 1142 1582 mortale‘
1172 1546 1475 1591 quodammodo
1504 1546 1703 1583 subicitur
1729 1549 1770 1583 et
1793 1548 1999 1592 quaedam
2017 1557 2053 1584 20

338 1611 521 1647 continet
548 1620 655 1655 quae
693 1611 889 1651 ,mortale
917 1620 1000 1646 non
1029 1610 1212 1647 includit.¹
1258 1611 1356 1647 Illud
1385 1611 1507 1647 etiam
1533 1611 1726 1648 fortassis
1751 1611 1998 1649 calumniam

338 1676 473 1717 habet,
508 1677 616 1721 quod
645 1675 700 1711 ait
727 1675 920 1720 aequalia
956 1685 1113 1721 genera
1148 1685 1231 1711 non
1269 1685 1393 1721 posse
1431 1676 1615 1712 eiusdem
1651 1686 1748 1712 esse
1783 1676 1998 1722 <speciei>.

338 1741 440 1776 Nam
467 1740 645 1776 fortasse
682 1740 916 1776 substantia
952 1740 1160 1776 sensibilis
1198 1741 1238 1776 et
1273 1749 1423 1785 corpus
1459 1740 1657 1777 sensibile
1694 1741 1998 1786 quodammodo

339 1806 506 1841 diversa
544 1807 638 1841 sunt
673 1815 830 1851 genera
870 1807 910 1841 et
945 1805 1138 1849 aequalia
1177 1805 1282 1841 sicut
1317 1805 1469 1841 animal
1506 1805 1710 1842 rationale
1749 1806 1922 1843 mortale
1959 1808 2000 1843 et

338 1870 490 1906 animal
516 1869 732 1916 gressibile
754 1870 870 1915 bipes
899 1869 1092 1906 diversae
1119 1871 1215 1906 sunt
1241 1871 1437 1914 quantum
1465 1870 1518 1906 ad
1544 1870 1889 1916 significationem
1910 1880 2000 1916 spe·
2017 1880 2054 1906 25

339 1935 428 1975 cici,
465 1935 539 1971 sed
575 1944 657 1971 non
694 1934 912 1979 oppositae
950 1936 990 1970 et
1023 1944 1114 1970 cum
1148 1935 1230 1970 sint
1262 1935 1460 1980 aequales
1497 1935 1538 1971 in
1574 1935 1868 1977 nominatione,
1904 1937 2000 1972 sunt

339 2000 379 2035 in
407 1999 614 2035 sententia
635 1999 836 2035 diversae.
889 1998 970 2035 Sed
992 1999 1172 2035 fortasse
1194 1999 1228 2035 si
1251 2000 1303 2035 ad
1324 2009 1495 2036 vocum
1522 2000 1829 2045 impositionem
1855 2000 1998 2046 magis,

339 2074 462 2110 quam
489 2065 541 2100 ad
561 2066 751 2100 naturam
773 2074 933 2100 rerum
953 2064 1032 2100 hoc
1054 2065 1162 2109 quod
1187 2064 1244 2100 ait
1268 2064 1508 2101 Boethius
1535 2065 1777 2107 referamus,
1811 2065 1999 2102 absolve-

339 2139 428 2165 mus
449 2139 541 2165 eum
557 2129 743 2165 dicentes
766 2129 922 2165 scilicet
942 2130 1053 2165 nulla
1066 2129 1281 2174 generalia
1296 2130 1499 2166 vocabula
1515 2139 1620 2175 quae
1636 2130 1829 2175 aequalia
1847 2130 2000 2166 fuerint

338 2194 590 2235 inventione,
619 2194 751 2240 adhuc
778 2194 986 2234 habuisse,
1025 2204 1107 2230 non
1136 2196 1275 2230 tamen
1302 2195 1380 2230 hoc
1415 2196 1564 2231 natura
1595 2204 1732 2231 rerum
1764 2196 1998 2237 recusante,
2017 2202 2053 2228 ³0

338 2260 411 2295 sed
438 2259 570 2305 magis
597 2259 860 2304 impositione
888 2259 1098 2295 nominum
1126 2259 1357 2295 deficiente.

480 2324 751 2360 Notandum
779 2333 879 2360 vero
907 2324 1017 2369 quod
1043 2325 1148 2360 haec
1175 2324 1347 2360 denaria
1372 2324 1712 2369 praedicamenta
1737 2325 1890 2361 nullam
1917 2325 2000 2361 vim

340 2399 393 2425 ex
420 2390 568 2424 natura
594 2398 730 2424 rerum
767 2389 1014 2425 contrahere
1053 2389 1255 2430 videntur,
1293 2390 1336 2425 ut
1371 2389 1565 2426 videlicet
1599 2389 1825 2426 secundum
1861 2399 1999 2426 rerum

340 2456 528 2489 naturam
555 2463 638 2489 non
666 2455 838 2498 possent
865 2454 931 2489 vel
957 2454 1075 2498 plura
1101 2463 1195 2489 esse
1223 2454 1287 2489 vel
1316 2454 1524 2498 pauciora.
1577 2454 1658 2490 Sed
1690 2454 1870 2490 fortasse
1906 2463 1999 2490 cum

340 2519 635 2564 proprietatem
668 2518 919 2554 inventionis
954 2519 1099 2554 decem
1135 2528 1334 2564 generum
1370 2519 1588 2564 diligenter
1625 2519 1899 2561 attendamus,
1936 2527 1998 2555 se·
2017 2524 2053 2551 35

340 2582 517 2618 cundum
545 2591 636 2618 eam
665 2582 808 2617 decem
837 2591 1036 2627 generum
1069 2582 1367 2618 multitudinem
1403 2583 1511 2618 bene
1548 2591 1644 2618 esse
1679 2582 1908 2619 institutam
1943 2582 2000 2618 in-

483 2722 501 2752 2
530 2722 653 2761 itaquo
680 2721 727 2758 A:
754 2721 803 2752 ita
828 2720 857 2752 A
958 2722 976 2752 Γ)
1004 2729 1068 2752 eas
1102 2721 1243 2752 ratione
1263 2721 1291 2753 A
1381 2724 1400 2751 ὅ
1427 2718 1494 2760 Ac]
1521 2721 1569 2752 At
1593 2720 1716 2752 editor
1734 2720 1863 2753 Boeth.
1890 2720 1944 2753 Ac
1968 2720 1998 2753 A

341 2782 376 2813 et
396 2780 473 2812 cod.
491 2780 521 2812 R
536 2780 663 2811 Boetlz.
740 2780 758 2811 9
781 2788 920 2820 genera
946 2779 1073 2811 Boeth.
1102 2780 1228 2820 generi
1255 2779 1281 2811 A
1378 2780 1417 2810 14
1447 2779 1543 2818 quod
1564 2779 1691 2811 Boeth.
1715 2787 1823 2819 quam
1843 2778 1872 2811 A
1894 2787 2000 2819 prae·

341 2839 487 2879 ponitur
513 2839 634 2870 editor
659 2838 785 2869 Boetlz.
814 2838 993 2877 praeponi
1019 2838 1047 2869 A
1078 2835 1110 2869 el
1131 2837 1235 2869 codd.
1258 2837 1323 2869 LH
1341 2837 1469 2869 Boeth.
1594 2838 1635 2869 15
1663 2837 1748 2869 dicit
1774 2837 1916 2875 addidi,
1945 2837 1998 2869 la-

343 2905 442 2929 cuna
465 2898 501 2929 ἱιι
523 2897 550 2929 A
666 2897 705 2928 19
734 2897 859 2928 alteris
886 2897 937 2928 ita
961 2896 989 2928 A
1109 2896 1151 2927 22
1179 2896 1316 2936 speciei
1345 2895 1477 2927 addidi
1503 2905 1570 2928 sec.
1598 2895 1726 2927 Boeth.
1837 2896 1879 2928 29
1906 2893 1999 2935 scih]

343 2963 376 2993 s;
402 2956 431 2988 A
562 2957 597 2987 31
631 2955 830 2987 difficiente
856 2955 885 2987 A
1014 2955 1056 2986 32
1080 2956 1169 2995 post
1189 2955 1488 2995 praedicamenta
1515 2955 1657 2986 lacuna
1684 2955 1723 2986 in
1743 2954 1784 2992 A,
1812 2954 1877 2986 sed
1902 2954 2001 2987 nihil

344 3015 466 3048 deesse
494 3014 639 3046 videtur
738 3014 779 3045 34
807 3011 902 3052 cum]
930 3013 988 3045 iA
1088 3014 1130 3046 36
1159 3014 1252 3045 bone
1279 3013 1306 3045 A

486 3084 494 3107 ¹
525 3085 683 3123 Boeth„
712 3085 756 3117 In
784 3084 920 3126 Porph.
949 3084 1003 3117 ed.
1032 3084 1059 3117 II
1087 3084 1107 3117 l.
1137 3094 1174 3122 e„
1204 3093 1238 3124 p.
1267 3084 1333 3116 224
1350 3082 1372 3116 ¹.
