2200 3387
306 258 370 290 144
706 259 811 290 Peter
837 258 1042 290 Abaelards
1070 259 1203 299 Logica
1231 258 1555 298 ‚lugi-edientibus'.

304 364 466 392 nomen.
494 355 771 399 praedicabile
800 356 861 390 051
889 355 938 390 00
967 354 1204 399 particulari
1231 354 1368 398 aliquo
1397 353 1562 389 nomine
1590 352 1767 389 1101011115
1790 354 1831 388 01
1857 352 1966 388 51101-

304 419 396 453 liter
423 418 608 454 definitio
636 418 778 463 ipsius.
807 418 903 463 quia
930 418 1123 454 videlicet
1149 428 1216 454 res
1245 417 1432 453 subiecta
1459 416 1695 461 particulari
1726 416 1881 451 nomini
1903 417 1967 452 est

304 492 370 518 res
399 483 585 518 subiecta
613 483 838 518 universali
866 485 906 518 et
934 483 1021 519 eius
1049 483 1289 519 definitioni.
1341 481 1388 517 Et
1417 483 1493 517 1100
1520 483 1600 517 est:
1630 481 1810 526 quidam
1838 482 1966 516 homo

303 550 359 583 es!
388 549 516 583 homo
545 550 620 583 etc.
673 547 804 583 Locus
832 558 855 583 a
883 557 1021 583 causa.
1075 548 1215 590 Quare
1241 549 1276 581 et
1304 556 1470 581 nomen.
1524 545 1629 586 Quia
1650 546 1727 581 hoc
1749 554 1900 581 nomen
1928 546 1969 581 et

305 611 408 646 haec
435 611 551 648 ratio.
580 620 679 656 ergo
707 620 858 647 nomen
887 613 927 647 et
953 611 1070 647 ratio.
1122 611 1155 646 A
1192 610 1390 655 partibus.
1442 609 1726 649 Quaeritur,
1760 609 1967 654 quomodo
1988 615 2004 642 5

304 675 355 710 sit
384 684 539 715 verum,
568 675 677 719 quod
705 684 850 710 omnes
879 675 1089 711 secundae
1117 674 1376 709 substantiae
1401 674 1694 718 praedicentur
1715 673 1968 714 definitione,

304 749 394 775 cum
423 749 568 775 omnes
597 739 769 775 definire
798 739 1045 775 nesciamus.
1098 739 1179 775 Sed
1206 741 1345 774 tamen
1373 748 1530 779 omnes,
1564 739 1759 782 quantum
1793 738 1833 773 in
1867 737 1968 782 ipsis

304 807 378 845 est,
407 804 670 840 definitiones
699 805 865 840 habent.
917 804 997 840 Sed
1029 813 1170 839 rursus
1199 803 1478 848 quaeritur.
1507 803 1714 847 quomodo
1737 801 1970 838 substantia

304 870 437 914 possit
477 870 630 905 habere
672 869 955 905 definitionem
994 869 1262 904 substantiae.
1320 869 1480 903 Eorum
1516 878 1624 903 vero,
1676 868 1858 903 Ostensa
1892 867 1970 903 hac

305 934 560 980 proprietate
602 934 877 969 secundarum
919 933 1240 969 substantiarum
1284 933 1393 977 quod
1438 933 1554 977 ipsae
1588 932 1879 977 praedicantur
1917 931 2023 967 delo

309 999 452 1044 primis
482 998 648 1034 nomine
678 1000 717 1034 et
743 998 906 1033 ratione
941 998 1211 1033 substantiae.
1246 997 1433 1042 assignat
1467 1006 1542 1042 per
1579 997 1657 1032 1100
1694 995 1970 1032 differentiam

308 1064 413 1099 inter
441 1073 512 1099 eas
533 1063 573 1099 et
594 1063 836 1099 accidentia.
865 1062 1007 1098 dicens
1029 1062 1184 1098 50111001
1205 1062 1343 1098 onmia
1364 1071 1470 1106 quae
1493 1063 1543 1098 de
1562 1062 1747 1097 subiecto
1771 1061 1969 1102 0101101111,

308 1127 358 1162 00
381 1127 470 1171 ipso
493 1127 552 1162 sic
580 1126 823 1171 praedicari.
875 1125 955 1161 Sed
987 1134 1092 1169 quae
1120 1127 1215 1161 sunt
1242 1125 1280 1161 in
1311 1126 1508 1166 subiecto,
1528 1135 1789 1170 nequaquam
1810 1124 1969 1160 ratione

306 1192 403 1227 data
423 1191 651 1227 secundum
674 1190 946 1226 substantiam
976 1190 1270 1235 praedicantur
1296 1191 1347 1226 de
1374 1190 1463 1235 ipso
1491 1191 1677 1226 subiecto
1699 1190 1738 1225 in
1761 1199 1842 1234 quo
1864 1189 1969 1229 sunt,

305 1254 532 1290 secundum
568 1254 915 1299 significationem
954 1264 1083 1290 suam.
1134 1254 1308 1290 Nomine
1348 1256 1486 1289 tamen
1524 1255 1774 1299 quandoque
1809 1251 1969 1298 praedi-
1992 1259 2023 1283 15

304 1321 451 1354 cantur
478 1319 528 1354 de
555 1318 848 1358 fundamentis,
876 1318 1125 1362 quandoque
1154 1327 1247 1353 non.
1301 1318 1380 1353 Sed
1410 1318 1498 1353 sive
1527 1327 1679 1353 nomen
1713 1318 1763 1353 de
1797 1327 1968 1356 numero

305 1393 446 1419 eorum
475 1392 581 1427 quae
610 1383 649 1418 in
678 1383 864 1419 subiecto
893 1384 998 1423 sunt,
1026 1383 1066 1418 id
1095 1384 1159 1418 est
1186 1382 1429 1422 3001000113,
1466 1383 1533 1418 vel
1568 1383 1815 1418 vocabulum
1851 1394 1970 1429 prae-

304 1449 461 1485 dicetur
489 1449 539 1484 de
574 1448 760 1484 subiecto
797 1448 887 1484 sive
923 1457 1017 1487 non,
1051 1448 1157 1483 ratio
1193 1448 1448 1484 substantiae
1482 1457 1705 1492 numquam
1737 1449 1970 1497 praedicari

306 1516 454 1558 potest,
495 1514 646 1558 quippe
684 1513 942 1549 accidentale
983 1513 1239 1551 vocabulum.
1280 1523 1370 1548 01110
1408 1513 1458 1548 00
1494 1513 1764 1549 fundamento
1800 1514 1842 1549 in
1878 1515 1970 1550 sub—

305 1579 459 1614 stantia
487 1588 569 1614 non
591 1578 864 1623 praedicetur,
892 1588 968 1614 sua
995 1578 1180 1614 definitio
1209 1588 1290 1613 non
1318 1578 1468 1622 poterit
1493 1587 1587 1613 esse
1609 1588 1676 1614 res
1699 1579 1968 1615 substantiae.
1988 1588 2024 1613 20

306 1642 425 1682 Quod
454 1642 754 1677 Aristoteles
788 1642 844 1677 ait
882 1642 1141 1677 accidentale
1175 1642 1420 1677 vocabulum
1450 1642 1698 1686 quandoque
1726 1642 1968 1690 praedicari,

305 1708 554 1752 quandoque
590 1717 684 1747 non,
721 1707 880 1742 tribus
920 1707 1079 1742 modis
1119 1707 1252 1751 accipi
1290 1708 1437 1751 potest.
1487 1706 1535 1742 Et
1572 1707 1684 1751 prius
1725 1707 1821 1743 illud
1860 1708 1969 1752 quod

304 1772 572 1808 Boethiusl
606 1772 734 1816 ponit,
768 1772 1093 1807 consideremus.
1145 1771 1252 1807 Dicit
1278 1773 1415 1807 autem
1451 1772 1684 1807 accidentia
1720 1773 1969 1817 quandoque

304 1836 470 1880 proprio
498 1837 539 1871 et
564 1837 679 1871 recto
707 1836 874 1871 nomine
901 1835 1146 1880 praedicari,
1174 1836 1217 1871 ut
1243 1835 1340 1879 quia
1366 1835 1501 1871 album
1531 1837 1594 1871 est
1628 1835 1667 1870 in
1704 1845 1890 1880 corpore,
1926 1837 1970 1872 ut

305 1901 361 1936 ait
399 1901 730 1941 Aristoteles,
771 1900 918 1936 dicitur
957 1909 1108 1945 corpus
1148 1900 1297 1941 album,
1337 1901 1378 1935 et
1414 1901 1561 1941 album,
1597 1900 1675 1936 hoc
1711 1901 2023 1942 11οω0011325

307 1967 524 2010 sumptum.
553 1965 661 2009 quod
684 1965 808 2001 etiam
824 1965 1024 2010 accipitur
1045 1965 1294 2010 quandoque
1315 1974 1389 2009 pro
1410 1965 1501 2009 ipso
1524 1965 1782 2001 substantiali
1802 1966 1969 2002 nomine

308 2030 525 2070 albedinis,
554 2031 793 2066 tantundem
823 2030 969 2065 valens
998 2032 1193 2074 quantum
1221 2030 1382 2066 albedo.
1410 2030 1528 2065 sicuti
1550 2030 1720 2065 ibidem:
1748 2031 1895 2072 album,
1930 2031 1970 2067 id

306 2097 371 2131 est
397 2095 556 2133 310000,
585 2096 649 2130 051
675 2095 715 2130 10
744 2095 930 2130 50010010
960 2103 1145 2139 corpore.
1196 2094 1244 2129 Et
1274 2094 1330 2130 ita
1355 2094 1550 2130 accidens
1579 2095 1827 2139 quandoque
1854 2105 1970 2140 prae-

306 2159 464 2195 dicatur
491 2167 565 2203 per
590 2159 671 2194 tale
699 2160 901 2203 sumptum
932 2159 1041 2202 quod
1076 2158 1116 2193 in
1151 2158 1328 2202 quadam
1367 2158 1611 2202 acceptione
1647 2158 1846 2203 accipitur
1880 2168 1970 2204 pro-

305 2224 392 2268 prie
420 2233 572 2259 nomen
608 2223 738 2267 ipsius
775 2223 1011 2259 accidentis.
1062 2223 1296 2267 Aliquando
1335 2232 1437 2258 vero
1475 2223 1669 2258 accidens
1705 2223 1971 2268 praedicatur
1989 2232 2024 2257 30

306 2288 471 2324 nomine
506 2288 813 2324 denominativo
853 2289 1022 2328 tantum,
1076 2290 1118 2323 ut
1161 2297 1251 2324 cum
1298 2288 1420 2323 110010
1466 2288 1759 2333 grammaticus
1805 2288 1967 2333 dicitur;

306 2363 527 2398 numquam
556 2353 663 2388 enim
686 2353 764 2388 hoc
791 2363 941 2389 nomen
964 2353 1256 2399 grammaticus
1279 2353 1538 2388 substantive
1557 2353 1722 2398 ponitur
1741 2363 1816 2398 pro
1837 2363 1968 2399 gram-

307 2419 466 2454 matica.
517 2418 748 2462 Aliquando
776 2427 876 2453 vero
906 2418 1014 2453 nullo
1050 2418 1216 2453 nomine
1251 2418 1298 2453 fit
1323 2417 1592 2462 praedicatio,
1619 2418 1784 2462 quando
1813 2418 1970 2455 50111001

306 2485 510 2528 sumptum
547 2483 793 2518 vocabulum
827 2483 946 2518 deest
982 2484 1024 2518 ut
1059 2482 1099 2518 in
1138 2483 1299 2518 virtute.
1351 2482 1451 2518 Nam
1490 2482 1712 2524 studiosus,
1750 2483 1858 2527 quod
1893 2492 1968 2528 pro

306 2550 468 2592 sumpto
487 2547 663 2592 ponitur,
684 2548 849 2592 proprie
870 2549 1039 2592 propter
1059 2547 1250 2583 virtutem
1271 2557 1355 2582 non
1376 2548 1440 2582 est
1460 2547 1682 2589 inventum,
1705 2547 1778 2582 sed
1799 2549 1970 2592 propter
1988 2556 2023 2581 35

306 2613 689 2658 perseverationem
719 2612 852 2652 studii,
889 2612 985 2647 licet
1018 2622 1067 2648 eo
1096 2612 1345 2657 quandoque
1373 2621 1446 2656 pro
1485 2614 1647 2656 sumpto
1674 2612 1835 2648 virtutis
1872 2613 1969 2648 abu-

306 2680 449 2718 tamur,
477 2687 525 2713 ac
553 2677 586 2712 si
614 2677 822 2712 virtuosus
852 2677 1069 2717 diceretur,
1098 2677 1206 2721 quod
1240 2686 1461 2721 numquam
1499 2677 1538 2712 in
1576 2687 1654 2712 usu
1691 2676 1775 2713 fuit.
1825 2677 1968 2722 ltaque

307 2743 411 2778 haec
450 2741 682 2777 3001000113
720 2742 941 2786 aliquando
981 2743 1095 2777 recto
1136 2741 1301 2777 nomine
1340 2741 1633 2786 praedicantur
1671 2742 1722 2777 de
1761 2741 1968 2783 subiectis,

307 2801 528 2846 aliquando
562 2800 872 2836 denominativo
908 2802 1076 2837 tantum,
1113 2801 1335 2845 aliquando
1373 2801 1481 2836 nullo
1519 2801 1696 2836 nomine.
1748 2799 1829 2836 Sed
1857 2801 1968 2845 quid—

307 2866 403 2910 quid
431 2866 574 2901 horum
603 2865 666 2905 sit,
694 2865 855 2900 ratione
883 2865 1139 2900 substantiae
1167 2865 1399 2909 praedicari
1426 2875 1507 2900 non
1535 2867 1722 2909 possunt,
1750 2865 1788 2901 id
1817 2866 1881 2900 est
1901 2865 1968 2901 de·
1987 2873 2022 2897 40

451 2999 491 3030 14
513 2999 549 3030 10
571 3007 642 3038 quo
663 3000 746 3029 sunt
768 2998 823 3029 bis
838 2999 877 3030 in
892 2998 921 3029 A
1007 2998 1049 3029 33
1066 2998 1226 3037 aliqqu
1312 2998 1354 3029 :38
1376 2998 1443 3029 hac
1459 2998 1621 3029 essentia
1639 2998 1664 3028 A
1685 2984 1689 2985 ⁷
1743 2998 1849 3029 39-40
1867 2997 1966 3037 quid-

308 3056 409 3098 quid]
437 3058 561 3097 inquid
590 3057 618 3088 Α

450 3127 637 3160 11300111.
667 3129 688 3159 I.
716 3138 755 3165 e„
784 3138 816 3168 p.
850 3128 969 3159 185A.
