2200 3387
163 941 194 965 10

162 1265 192 1290 15

157 1589 191 1614 20

156 2240 191 2265 :30

155 2571 190 2596 :³5

531 249 557 280 1.
588 248 653 281 Die
681 248 835 280 Glossen
864 256 907 279 zu
936 247 1169 287 Porphyrius,
1202 269 1207 271 >
1271 247 1321 279 lie
1349 248 1568 280 differentia.
1846 246 1891 280 85

218 347 294 382 est.
325 345 434 390 quod
463 344 656 390 quicquid
685 353 766 380 non
796 344 922 379 habet
959 344 1065 379 lianc
1094 344 1157 380 vel
1200 344 1306 379 illam
1347 345 1681 382 rationalitatem.
1721 355 1800 380 non
1839 345 1892 380 sit

216 409 412 446 allectum
453 409 743 446 rationalitate.
781 411 822 444 et
859 408 918 444 sic
965 409 1015 444 de
1057 409 1208 444 ceteris
1249 410 1596 445 rationalitatibus
1637 419 1743 454 quac
1784 412 1889 445 sunt.

216 475 295 510 Sed
325 484 406 510 non
442 475 497 510 ita
525 483 668 510 verum
704 476 779 511 est.
813 474 922 518 quod
952 474 1143 518 quicquid
1181 476 1317 518 potest
1354 485 1448 510 esse
1486 475 1636 519 aliquid
1677 475 1743 513 ita.
1781 475 1889 520 quod

216 549 297 575 non
327 539 478 575 lrabeat
507 539 613 575 hanc
635 538 699 574 vel
729 538 836 574 illam
860 538 1194 575 rationalitatem.
1223 539 1355 584 possit
1376 548 1470 575 esse
1494 540 1588 574 illud
1619 540 1684 577 ita.
1708 540 1815 584 quod
1839 540 1891 575 sit

215 604 410 640 aflectum
452 603 742 640 rationalitate.
788 603 939 648 quippe
978 612 1074 638 esse.
1118 603 1311 639 affectum
1351 604 1641 641 rationalitate.
1679 604 1787 648 quod
1829 607 1890 640 est

215 669 445 705 communis
481 678 608 704 causa
645 667 920 712 impositionis
955 668 1074 703 huius
1113 668 1290 703 nominis
1329 669 1437 713 quod
1476 669 1690 707 rationale.
1724 678 1886 704 omnem

215 732 480 769 existentiam
510 732 690 767 omnium
720 731 1043 767 rationalitatum
1074 732 1319 768 naturaliter
1339 733 1517 770 excedit.
1545 735 1585 768 et
1607 733 1740 768 omnis
1761 742 1889 768 causa

216 797 491 843 impositionis
519 797 768 832 universalis
797 797 975 832 nominis
1005 797 1043 832 in
1072 806 1116 832 se
1146 797 1236 842 ipsa
1264 797 1425 833 infinita
1452 799 1516 833 est
1544 807 1621 833 nec
1649 798 1729 833 ullo
1753 807 1887 833 rerum

215 862 389 898 termino
419 862 588 898 inclusa.
643 861 719 902 Qui
748 862 856 898 enim
887 862 964 898 hoc
993 871 1142 897 nomen
1173 862 1368 907 imposuit
1395 863 1531 900 rebus.
1566 863 1726 898 scilicet
1754 863 1889 901 bomo.

215 937 269 963 ex
297 936 346 962 eo
375 927 533 972 <quodiN
562 927 752 962 homines
781 929 886 964 sunt.
915 927 1021 962 sicut
1048 936 1264 963 numerum
1294 937 1428 963 rerum
1453 927 1666 964 definitum
1696 928 1887 967 habebat.

213 992 269 1028 ita
306 1001 382 1028 nec
419 1002 584 1028 omnem
619 1001 789 1028 causam
826 1001 933 1036 quae
974 994 1038 1028 est
1071 1002 1168 1028 esse
1196 993 1416 1030 hominem.
1445 995 1561 1028 certa
1590 992 1888 1038 intelligentiae

214 1058 325 1092 meta
363 1056 688 1101 comprehendit.
752 1055 866 1092 Bene
901 1056 1041 1100 itaque
1076 1056 1227 1092 dictum
1257 1058 1321 1092 est
1358 1057 1572 1094 rationale.
1610 1057 1687 1092 hoc
1724 1066 1888 1094 nomen.

213 1121 419 1167 perimere
446 1121 625 1157 hominis
652 1121 911 1159 vocabulum.
940 1123 1137 1166 quantum
1166 1121 1325 1158 scilicet
1352 1122 1403 1158 ad
1432 1131 1602 1158 causam
1631 1131 1734 1158 suae
1762 1122 1888 1165 impo-

212 1186 387 1225 sitionis.
410 1195 502 1222 cum
518 1186 713 1222 videlicet
728 1186 783 1222 nil
798 1187 924 1231 queat
937 1186 1062 1222 homo
1083 1187 1267 1222 existere
1287 1187 1354 1226 ita,
1377 1187 1486 1232 quod
1509 1196 1590 1222 non
1614 1187 1665 1222 sit
1684 1186 1887 1223 rationale

214 1253 254 1287 et
269 1251 463 1287 affectum
480 1251 771 1287 rationalitate.
804 1251 917 1287 Sicut
932 1251 1041 1287 enim
1057 1251 1260 1287 rationale
1278 1252 1478 1287 infinitam
1502 1251 1746 1288 naturaliter
1761 1251 1888 1296 impo-

213 1315 374 1351 sitionis
410 1325 578 1352 causam
607 1316 743 1352 habet.
778 1316 834 1352 ita
871 1317 994 1352 etiam
1032 1317 1292 1352 rationalitas
1330 1319 1371 1352 et
1398 1317 1610 1361 quodlibet
1638 1317 1886 1353 universale.

356 1380 614 1417 Manifestum
643 1383 781 1418 autem
816 1391 870 1417 ex
903 1381 1181 1427 suprapositis
1219 1382 1380 1418 duabus
1414 1381 1728 1426 acceptionibus
1765 1381 1886 1417 huius

212 1445 392 1482 nominis
429 1446 626 1482 accidens
666 1467 704 1470 —
745 1446 912 1491 quando
950 1446 1060 1482 enim
1097 1456 1250 1482 nornen
1288 1456 1424 1482 rerum
1462 1446 1722 1482 rationalitas
1751 1449 1814 1482 est
1842 1467 1887 1470 —

212 1513 253 1547 et
280 1511 586 1556 quodammodo
615 1511 693 1547 dici
721 1511 918 1547 accidens
940 1512 1066 1557 large.
1094 1511 1252 1548 scilicet
1273 1512 1501 1548 secundum
1522 1512 1601 1547 hoc
1622 1512 1732 1556 quod
1754 1511 1887 1548 forma

212 1578 285 1613 est.
314 1578 354 1612 et
382 1576 688 1621 quodammodo
718 1586 799 1612 non
828 1576 918 1613 dici.
947 1577 1173 1612 secundum
1204 1577 1281 1612 hoc
1309 1576 1469 1612 scilicet
1496 1577 1603 1622 quod
1640 1587 1720 1613 non
1750 1578 1886 1622 potest

211 1641 364 1678 adesse
393 1643 433 1678 et
460 1642 612 1678 abesse
642 1645 810 1687 praeter
837 1642 1157 1687 corruptionem.
1193 1642 1303 1687 quod
1337 1652 1413 1678 nos
1441 1642 1678 1688 diligentius
1713 1642 1752 1678 in
1787 1642 1886 1678 defi-

211 1707 366 1743 nitione
395 1707 622 1743 accidentis
651 1707 958 1743 ostendemus1.

353 1772 468 1808 Nunc
495 1774 632 1808 autem
662 1772 753 1808 visa
786 1774 935 1808 natura
971 1773 1267 1808 vocabulorum
1304 1773 1586 1817 inspiciamus,
1614 1783 1722 1818 quae
1759 1773 1884 1809 etiam

211 1837 469 1873 differentias
497 1839 765 1883 appellemus.
801 1840 841 1874 et
869 1840 1001 1874 utrum
1030 1839 1263 1874 accidentia
1293 1839 1385 1884 ipsa
1412 1848 1576 1884 quoque
1605 1839 1683 1875 dici
1711 1839 1884 1884 possint.

157 1916 172 1941 -ε
213 1902 493 1948 inspiciamus.
546 1903 646 1939 Nam
672 1903 868 1939 accidens
895 1913 1041 1939 vocum
1071 1913 1236 1948 quoque
1266 1914 1415 1939 nomen
1443 1906 1518 1941 est.
1546 1904 1652 1940 sicut
1673 1906 1713 1940 et
1735 1913 1883 1940 rerum.

211 1967 257 2004 Et
290 1968 451 2004 tribus
486 1968 643 2004 modis
680 1969 719 2004 in
757 1969 1048 2014 designatione
1085 1978 1233 2005 vocum
1268 1979 1418 2005 nomen
1457 1969 1685 2005 accidentis
1722 1970 1885 2005 videtur

210 2033 352 2078 accipi.
406 2033 665 2079 Quandoque
693 2034 800 2069 enim
831 2034 887 2069 ita
923 2034 1063 2079 large
1099 2034 1283 2072 sumitur.
1321 2034 1430 2079 quod
1467 2034 1638 2070 includit
1673 2036 1756 2070 tam
1793 2035 1884 2070 sub-

211 2099 394 2135 stantiva
427 2099 595 2135 nomina
634 2099 910 2143 quarumlibet
948 2099 1173 2135 formarum
1211 2109 1334 2144 quam
1371 2101 1537 2145 sumpta
1574 2100 1743 2136 nomina
1779 2100 1883 2136 acci-

210 2164 434 2200 dentalium
463 2164 700 2202 formarum.
735 2166 777 2200 ut
809 2165 888 2200 hoc
916 2174 1066 2200 nomen
1105 2165 1375 2201 rationalitas
1414 2165 1563 2201 albedo
1601 2165 1696 2201 sive
1733 2165 1882 2203 album.

210 2229 289 2265 hoc
315 2239 466 2265 nomen
502 2239 650 2266 cursus
685 2230 775 2266 sive
803 2239 976 2266 currens
1004 2231 1068 2266 vel
1106 2231 1243 2266 currit.
1297 2231 1535 2267 Strictius
1573 2240 1673 2267 vero
1711 2231 1884 2267 sumitur

211 2293 250 2330 in
279 2294 568 2339 designatione
591 2295 847 2339 sumptorum
869 2296 1026 2330 tantum
1049 2295 1100 2331 ab
1123 2295 1451 2331 accidentalibus
1473 2295 1625 2332 formis.
1653 2295 1880 2331 secundum

210 2359 320 2404 quod
357 2368 558 2404 negamus
595 2359 828 2396 accidentia
861 2359 901 2396 in
941 2360 1037 2405 quid
1071 2360 1315 2404 praedicari.
1368 2359 1700 2396 Strictissime
1729 2370 1829 2396 vero
1857 2371 1882 2397 a

211 2424 486 2469 Porphyrio
515 2425 690 2461 sumitur
725 2425 765 2460 in
803 2434 854 2461 ea
890 2425 1184 2470 descriptione.
1221 2425 1288 2461 ubi
1327 2425 1493 2470 propria
1530 2435 1694 2470 quoque
1731 2426 1782 2461 ab
1820 2426 1881 2461 eis

211 2491 382 2534 separat
410 2489 449 2525 in
471 2491 646 2525 tractatu
670 2490 909 2528 accidentis
931 2490 1076 2526 dicens
1097 2491 1254 2526 scilicet
1275 2491 1472 2526 accidens
1494 2500 1590 2527 esse
1613 2491 1722 2536 quod
1745 2500 1880 2535 neque

212 2556 274 2590 est
301 2563 432 2600 genus
465 2564 600 2599 neque
637 2555 802 2600 species
839 2565 974 2600 neque
1011 2555 1248 2592 differentia
1285 2565 1419 2600 neque
1457 2556 1678 2601 proprium.
1715 2566 1882 2601 semper

210 2619 275 2654 est
302 2620 439 2654 autem
470 2618 507 2654 in
537 2619 724 2654 subiecto
752 2619 986 2655 subsistens
1001 2624 1026 2655 ·-’.
1079 2620 1177 2655 Cum
1207 2622 1343 2655 autem
1367 2620 1429 2655 his
1457 2620 1586 2656 tribus
1615 2620 1747 2656 modis
1775 2621 1880 2656 acci-

210 2683 313 2718 dens
341 2682 379 2718 in
408 2682 698 2727 designatione
726 2692 872 2719 vocum
913 2684 1151 2728 accipiatur.
1189 2684 1322 2719 nullus
1357 2693 1498 2719 eorum
1537 2683 1880 2720 differentialibus

211 2748 383 2784 vocibus
411 2747 543 2792 aptari
579 2750 726 2792 potest.
780 2748 897 2784 Unde
933 2749 1041 2784 bene
1073 2749 1408 2785 Aristoteles³
1444 2749 1520 2784 lioc
1558 2758 1707 2784 nomen
1747 2749 1880 2786 ‚ratio-

212 2814 315 2850 nale·
345 2813 382 2849 in
413 2813 601 2849 subiecto
641 2823 738 2849 esse
777 2816 912 2858 negat.
949 2823 1039 2849 cum
1078 2814 1235 2849 scilicet
1272 2823 1407 2858 neque
1444 2814 1496 2849 sit
1532 2814 1690 2850 formae
1727 2823 1878 2849 nomen

354 2937 410 2968 1-2
439 2936 559 2968 Lot-as
586 2937 801 2967 eor-rnnlus.
859 2936 882 2966 ,1
915 2936 1044 2967 lumel:
1081 2936 1176 2968 illam
1213 2936 1496 2967 rationalitatem
1531 2938 1565 2967 et
1592 2935 1644 2967 sic
1672 2936 1717 2967 de
1744 2936 1879 2968 ceteris

210 2998 275 3028 rat.
306 3005 376 3028 non
404 2996 576 3027 affectum
605 2995 842 3027 rationalitati
942 2997 961 3026 1)
983 2996 1189 3036 impositum
1220 2996 1285 3027 fuit
1311 2995 1337 3027 Α
1444 2996 1484 3026 10
1511 2995 1563 3027 sic
1591 2995 1619 3027 A

354 3077 362 3098 ¹
394 3078 444 3109 Cr.
475 3078 577 3109 infra
607 3087 639 3117 p.
671 3078 724 3109 92.
823 3076 837 3097 “-’
868 3077 1027 3112 Boeth..
1057 3077 1098 3109 1η
1129 3077 1265 3118 Por-ph.
1295 3077 1350 3109 ed.
1378 3077 1404 3109 ll
1433 3077 1453 3109 I.
1483 3086 1522 3109 e..
1551 3086 1584 3118 p.
1613 3073 1771 3109 2811ψὸ.

351 3136 366 3157 3
394 3137 556 3175 Boeth.,
587 3137 627 3169 1η
658 3138 782 3176 Caley.
811 3137 831 3168 I.
861 3146 900 3172 c..
930 3146 961 3177 p.
994 3138 1110 3169 1910
