2200 3387
130 317 260 351 Boetln.

100 375 132 407 p.
152 368 218 399 1⁵⁵
234 368 259 401 s

129 2063 265 2097 Boctli.

103 2121 135 2154 p.
152 2110 263 2145 1891)

297 242 362 276 150
696 247 802 279 Peter
830 247 1033 280 Abaelards
1063 248 1195 289 Logica
1223 250 1546 290 ,lugi-odientibus&

290 341 426 376 minat.
478 342 628 377 Merito
656 345 832 379 (iareim.
874 343 1010 384 Quare
1038 354 1195 390 genera
1222 347 1262 381 et
1289 346 1453 390 species
1481 349 1650 388 tantum,
1673 358 1779 393 quae
1800 349 1954 393 primas

294 405 549 442 substantias
595 408 816 446 continent,
863 409 1052 445 dicantur
1090 411 1300 446 secundae
1340 413 1596 448 substantiae
1634 414 1674 448 et
1709 423 1791 449 non
1832 413 1954 449 etiam

294 470 565 506 accidentalia
593 473 805 510 vocabula.
843 483 1012 509 causam
1049 475 1193 512 reddit,
1231 476 1326 520 quia
1362 477 1519 512 scilicet
1557 477 1635 513 ista
1671 479 1764 523 post
1802 478 1955 524 primas

293 535 546 571 substantias
574 537 798 573 secundam
827 538 1173 583 significationem
1199 540 1354 576 liabent
1375 542 1415 576 et
1436 541 1598 587 dignius
1619 552 1706 578 rem
1728 543 1956 580 subiectam

293 599 506 635 nominant
542 609 663 645 quarn
700 601 974 637 accidentalia
1007 603 1220 639 vocabula.
1278 603 1392 640 Haec
1427 605 1535 640 enim
1572 605 1613 641 in
1649 606 1834 642 essentia
1868 616 1992 643 rems

293 665 502 709 appellant
530 667 571 701 et
598 666 822 702 secundum
844 668 1033 703 naturam
1055 668 1315 704 substantiae
1338 671 1433 705 sunt
1452 670 1655 715 imposita,
1683 671 1957 708 accidentalia

293 739 393 765 vero
416 730 583 766 nomina
606 732 807 767 extranea
829 733 869 767 et
891 732 1119 768 adventitia
1140 734 1394 778 proprietate
1415 735 1676 771 conveniunt.
1729 735 1795 771 Sic
1814 736 1955 782 iunge:

293 794 458 830 Genera
486 797 641 831 tantum
671 797 711 832 ct
738 796 902 841 species
936 797 1084 833 vocavi
1097 788 1324 834 ‘secundas
1360 800 1612 836 substantias
1649 802 1842 845 respectu
1879 801 1957 846 pri-

293 869 462 899 marum,
496 862 535 896 et
572 861 730 898 merito.
768 863 808 897 et
844 871 972 906 quare
1010 862 1168 903 merito,
1202 863 1410 909 subiungit
1444 874 1614 900 causam
1648 865 1805 901 dicens:
1846 866 1957 903 Haec

292 925 404 960 enim
433 925 524 960 sola
549 925 599 961 de
622 935 793 961 numero
815 936 961 962 eorum
986 930 1117 972 qzme2
1135 929 1448 972 praedicantur
1468 929 1518 965 de
1540 930 1681 974 primis
1703 931 1956 973 substantiis,
1979 942 2011 967 10

295 991 499 1033 indicant,
520 991 558 1027 id
582 994 646 1027 est
667 992 949 1037 principaliter
969 993 1215 1039 significant,
1242 1004 1327 1031 rem
1350 995 1507 1040 primae
1530 996 1799 1032 substantiae.
1839 996 1957 1037 Quod

292 1054 475 1090 ostendit
499 1055 539 1091 in
562 1057 678 1100 parte
701 1056 855 1097 dicens,
883 1057 992 1101 quod
1014 1057 1048 1093 si
1070 1058 1160 1103 quis
1180 1059 1529 1095 demonstraverit
1550 1060 1727 1104 aliquem
1749 1060 1956 1097 hominem

292 1120 332 1155 in
369 1120 552 1156 essentia
585 1130 686 1156 suae
721 1121 990 1163 substantiae,
1027 1122 1106 1158 1100
1142 1125 1204 1158 est
1240 1124 1280 1159 in
1318 1124 1425 1169 ,quid
1462 1126 1545 1166 est‘‚
1583 1125 1884 1162 convenienter
1917 1126 1956 1162 id

291 1184 415 1220 faciet
443 1185 710 1231 assignando,
748 1185 786 1221 id
825 1188 887 1222 est
923 1187 1190 1227 enuntiando.
1228 1189 1411 1233 speciem
1447 1189 1535 1225 sive
1571 1199 1715 1235 genus.
1767 1189 1847 1226 Sed
1874 1200 1956 1226 non

291 1249 348 1285 ita
369 1249 471 1285 dixit
493 1250 825 1292 convenienter,
848 1252 921 1287 sed
944 1252 1258 1289 determinatius
1280 1253 1458 1298 loquitur
1478 1254 1653 1290 dicendo
1675 1264 1750 1299 per
1770 1254 1954 1299 speciem
1978 1265 2010 1289 15

290 1313 532 1349 familiarius
559 1314 598 1349 id
625 1314 717 1350 fieri
745 1325 865 1360 quam
889 1325 963 1360 per
984 1325 1127 1361 genus.
1180 1316 1223 1352 In
1245 1326 1325 1362 quo
1348 1317 1471 1353 etiam
1494 1318 1544 1353 de
1566 1320 1741 1363 utroque
1764 1319 1956 1360 ostendit,

292 1379 401 1423 quod
429 1379 727 1415 convenienter
760 1380 799 1415 id
835 1380 998 1416 faciant.
1050 1381 1249 1417 Aliorum
1286 1392 1393 1418 vero.
1446 1382 1664 1419 Secundae
1698 1383 1956 1420 substantiae

291 1444 349 1479 ita
374 1443 414 1479 in
443 1445 676 1480 substantia
697 1454 798 1481 suae
822 1446 1030 1482 essentiae
1058 1446 1242 1482 indicant
1268 1447 1432 1492 primas,
1468 1447 1508 1483 id
1536 1449 1600 1483 est
1626 1457 1694 1484 res
1721 1448 1956 1493 primarum,

291 1510 380 1550 <ut>
408 1509 623 1545 enuntient
644 1510 694 1545 de
722 1510 809 1551 illis,
838 1511 913 1546 sed
937 1512 1078 1547 cetera
1100 1512 1268 1548 nomina
1289 1521 1396 1557 quae
1419 1513 1469 1548 de
1490 1512 1631 1557 primis
1652 1513 1956 1558 praedicantur,

290 1574 330 1610 id
357 1583 439 1610 non
467 1574 631 1610 habent.
682 1574 730 1610 Et
757 1576 834 1611 hoc
861 1577 941 1611 est:
975 1577 1270 1621 quodcumque
1296 1577 1487 1613 aliorum
1519 1563 1737 1613 nominum*
1762 1578 1954 1621 assiqua·
1976 1588 2010 1613 ευ

290 1639 404 1681 verit,
431 1639 471 1674 id
499 1641 561 1675 est
588 1640 875 1681 enuntiaverit,
904 1641 1112 1685 quislibet,
1139 1641 1189 1677 de
1217 1641 1359 1686 primis
1385 1642 1544 1678 scilicet
1571 1642 1826 1683 substantiis,
1853 1643 1957 1679 assi-

290 1705 438 1747 ynam}
454 1707 658 1747 estrcmee,
678 1705 718 1740 id
735 1706 798 1741 est
814 1706 1042 1742 enuntiabit
1058 1716 1140 1742 non
1162 1707 1214 1742 ad
1236 1707 1551 1743 substantialem
1572 1708 1721 1743 statum
1744 1707 1956 1744 essentiae

292 1769 586 1810 denotandum,
615 1770 720 1806 sicut
747 1771 811 1806 est
837 1770 1042 1807 rationale
1070 1771 1136 1807 vel
1163 1772 1311 1811 album,
1341 1781 1446 1817 quae
1473 1782 1557 1808 non
1588 1772 1630 1808 in
1658 1772 1844 1808 essentia
1869 1782 1956 1808 rem

292 1834 516 1871 nominant,
551 1834 625 1870 sed
653 1845 705 1871 ex
734 1836 931 1880 qualitate
959 1837 1116 1872 tantum
1145 1837 1408 1878 conveniunt,
1448 1846 1554 1882 quae
1583 1837 1741 1873 scilicet
1767 1837 1956 1882 qualitas,

293 1899 388 1944 quia
414 1909 496 1935 non
525 1901 588 1935 est
616 1891 801 1937 essentia
826 1901 898 1942 rei,
927 1902 1156 1937 extraneae
1190 1903 1363 1938 naturae
1391 1902 1548 1938 dIcitur.
1608 1903 1721 1938 Velut
1747 1903 1895 1939 album
1912 1932 1918 1938 .
1936 1931 1955 1944 .,
1976 1911 2010 1936 25

293 1963 470 1998 reddens
496 1963 654 2000 scilicet
679 1964 731 2000 ad
757 1964 1126 2010 interrogationem
1154 1965 1229 2001 has
1258 1975 1396 2006 voces,
1425 1965 1503 2002 hoc
1530 1966 1670 2002 modo:
1699 1965 1807 2011 ,quid
1834 1965 1955 2012 agitP·

295 2028 452 2069 currit:
481 2029 624 2073 ‚qualis
651 2028 753 2065 esti>
783 2030 934 2070 ,albus‘.
986 2030 1098 2073 Erqo
1126 2031 1290 2074 witerico.
1342 2030 1466 2066 Infert
1493 2040 1518 2066 a
1543 2032 1661 2075 parte
1688 2031 1835 2072 meriti,
1863 2031 1959 2076 quia

292 2093 326 2129 si
352 2093 431 2129 hoc
451 2093 610 2135 merito,
639 2094 829 2130 dicuntur
849 2095 1061 2130 secundae
1083 2096 1124 2130 et
1142 2095 1300 2131 merito.
1352 2096 1561 2139 Amplius.
1612 2095 1757 2132 Adhuc
1778 2096 1959 2132 ostendit

291 2158 371 2194 alia
397 2159 474 2199 via,
503 2158 611 2203 quod
638 2161 751 2195 recte
778 2169 935 2204 genera
962 2162 1002 2195 et
1029 2160 1192 2204 species
1221 2160 1411 2196 dicuntur
1446 2160 1656 2196 secundae
1694 2161 1953 2197 substantiae

290 2224 385 2268 post
411 2223 576 2268 primas,
613 2224 709 2268 quia
744 2224 937 2260 videlicet
972 2225 1089 2269 ipsae
1127 2234 1290 2270 quoque
1326 2225 1476 2261 eodem
1512 2225 1634 2261 modo
1671 2225 1954 2262 accidentibus
1975 2239 2010 2264 30

292 2290 580 2333 supponuntur
601 2298 680 2333 quo
700 2289 856 2334 primae
879 2289 1151 2326 substantiae.
1198 2289 1310 2326 Sicut
1333 2289 1441 2326 enim
1464 2289 1671 2331 Socrates,
1691 2290 1772 2326 hoc
1791 2299 1956 2331 nomen,

291 2352 518 2388 subiectum
546 2352 636 2389 sive
662 2353 976 2389 fundamentum
1011 2353 1158 2389 dicitur
1190 2353 1309 2389 huius
1352 2353 1529 2389 nominis
1565 2353 1675 2398 quod
1712 2355 1776 2389 est
1807 2353 1956 2395 album,

292 2419 488 2462 quantum
516 2417 568 2453 ad
595 2418 953 2463 significationem,
989 2418 1047 2454 ita
1081 2418 1204 2454 homo
1241 2418 1306 2454 vel
1341 2418 1505 2459 animal,
1542 2420 1583 2454 et
1619 2418 1724 2454 sicut
1762 2418 1956 2454 Socrates

293 2482 386 2518 albo
413 2491 488 2527 per
513 2482 866 2527 praedicationem
889 2483 1142 2528 supponitur,
1171 2483 1228 2519 ita
1254 2483 1377 2519 etiam
1404 2483 1527 2519 homo
1549 2483 1616 2519 vel
1637 2483 1799 2519 animal.
1852 2482 1957 2523 Quia

293 2556 393 2592 ergo
421 2547 621 2583 maiorem
649 2547 955 2585 similitudmem
982 2548 1136 2584 habent
1163 2558 1253 2584 011111
1281 2548 1434 2593 prImis,
1470 2549 1582 2584 recte
1619 2548 1831 2584 secundae
1865 2548 1957 2583 sub·
1977 2557 2010 2582 35

293 2611 470 2647 stantiae
499 2612 687 2648 dicuntur
721 2614 815 2657 post
847 2613 936 2648 illas
965 2614 1006 2648 et
1032 2613 1144 2658 prius
1174 2613 1396 2658 primarum
1424 2613 1746 2648 substantiarum
1773 2612 1957 2658 proprie-

294 2677 418 2711 tatem
446 2677 571 2722 ponit.
594 2686 715 2721 quam
738 2677 817 2713 iam
839 2687 1004 2723 quoque
1027 2680 1201 2723 supra·‘3
1228 2678 1436 2722 posuerat,
1458 2687 1565 2722 quae
1592 2679 1733 2713 tamen
1759 2677 1843 2713 hoc
1864 2677 1956 2713 loco

435 2817 453 2848 7
482 2826 528 2848 ex
557 2818 708 2849 etranea
734 2817 763 2848 Α
888 2818 928 2848 13
956 2817 991 2848 111
1019 2818 1055 2848 et
1088 2817 1155 2848 1100
1183 2818 1239 2848 cst
1266 2817 1351 2856 quid
1384 2818 1440 2848 est
1469 2816 1494 2847 Α
1622 2816 1662 2848 19
1690 2817 1728 2860 ut
1754 2813 1956 2854 enuntient]

293 2876 485 2908 enuntiare
516 2876 542 2906 A
605 2919 617 2925 -

436 2945 444 2967 ¹
474 2946 622 2978 Boeth.
651 2946 672 2978 l.
701 2956 740 2984 c.,
770 2956 802 2986 p.
834 2946 954 2978 188οῑ
992 2946 1121 2978 Merito
1157 2946 1275 2985 igitur.
1327 2945 1440 2978 Arist.
1469 2955 1502 2985 p.
1531 2946 1586 2977 21)
1615 2946 1678 2977 29:
1715 2941 1883 2982 Εἰκότως
1919 2942 1957 2975 δὲ

295 3004 422 3039 (Arist.
453 3004 637 3043 Oryanon
672 3005 810 3036 Graece
845 3005 905 3037 ed.
939 3005 1002 3036 Th.
1031 3004 1182 3036 Waitz.
1236 3004 1323 3036 Pars
1350 3004 1451 3044 prior
1476 3003 1622 3043 Lipsiae
1651 3003 1751 3041 1844,
1779 3011 1813 3042 p.
1842 3003 1884 3034 86
1899 3001 1955 3041 ²9).

434 3062 448 3084 2
475 3063 622 3095 Boeth.
646 3063 667 3095 l.
689 3072 728 3100 0,,
757 3072 790 3103 p.
816 3064 879 3095 188
897 3063 921 3095 C
944 3062 1062 3103 ,quae‘
1080 3063 1226 3099 omittit,
1249 3062 1352 3102 quod
1371 3071 1480 3095 error
1500 3062 1679 3094 editionis
1699 3070 1778 3094 esse
1792 3061 1952 3093 videtur.

434 3121 449 3143 3
474 3122 621 3153 Boeth.
651 3122 672 3153 l.
701 3131 739 3154 c..
767 3131 801 3162 p.
832 3123 896 3154 187
912 3122 953 3154 Α.
