2200 3387
178 443 311 477 lloetli.

171 501 203 533 p.
218 490 288 525 :350

182 967 313 1001 Boetli.

170 1024 204 1056 p.
220 1014 289 1048 ἱΠὶἶ
303 1017 310 1037 ¹

339 237 383 272 ⁸2
752 241 857 273 Peter
884 241 1086 273 Abaelards
1113 241 1247 281 Logica
1275 240 1597 281 ,Ingredientibus⁴.

340 338 416 373 hoc
445 341 507 373 est
545 337 678 372 habile
713 337 763 372 ad
798 338 1097 373 ostendendam
1125 337 1407 373 diversitatem
1445 347 1587 373 eorum
1624 347 1731 382 quae
1767 338 1807 373 in
1845 339 1991 375 eodem

341 412 494 446 genere
508 402 769 437 conveniunt.
804 401 920 441 Quod
936 402 973 437 in
991 402 1174 447 partibus
1188 403 1369 438 ostendit
1384 402 1537 438 dicens.
1554 402 1780 438 Rationale
1791 403 1905 438 enim
1922 406 2000 439 etc.

482 467 711 510 ,ts-simum!
739 469 893 502 autem.
946 467 1074 502 Aliam
1116 467 1309 511 supponit
1348 467 1669 511 descriptionem
1707 467 1849 503 dicens
1886 467 2001 504 diffe-

340 532 528 568 rentiam.
556 531 780 566 secundum
809 541 929 576 quam
968 531 1103 575 aliqua
1131 541 1155 566 a
1183 541 1228 567 se
1257 531 1451 567 differunt
1486 532 1823 573 substantialiter,
1859 532 1898 568 id
1935 533 1999 568 est

340 595 612 630 ostenduntur
639 595 965 630 substantialiter
993 595 1170 630 differre.
1222 595 1329 630 Nam
1365 595 1608 631 sec-undum.
1660 595 1774 631 Bene
1802 595 1888 630 dixi
1913 596 2000 631 tan·
2023 597 2039 622 ⁵

340 663 421 695 tum
452 669 525 704 per
545 660 802 695 differentias
831 660 1008 696 differre.
1036 669 1087 694 ea
1115 659 1271 695 scilicet
1297 669 1404 703 quae
1433 660 1507 695 sub
1536 660 1682 696 eodem
1711 661 1807 695 sunt
1834 668 2001 705 genere.

339 727 379 760 et
407 734 487 760 non
516 734 591 769 per
617 734 757 769 genus
787 725 882 768 quia
909 724 1101 759 videlicet
1130 724 1167 759 in
1196 733 1352 769 genere
1387 734 1468 759 non
1505 724 1710 763 differunt.
1746 725 1784 760 id
1823 725 1887 760 est
1920 733 2002 760 non

339 790 569 825 ostenditur
595 789 782 835 generali
804 789 970 824 nomine
993 798 1134 824 eorum
1158 789 1403 824 differentia.
1455 789 1488 824 A
1509 799 1646 825 causa.
1698 790 1857 825 Sumus
1877 789 2003 825 enim.

340 855 447 890 Vere
476 865 558 890 non
587 855 779 890 differunt
806 854 845 888 in
873 862 1030 898 genere
1065 855 1122 888 ut,
1146 853 1185 889 in
1224 854 1402 892 animali,
1440 854 1536 898 quia
1571 854 1705 898 potius
1741 853 2006 890 conveniunt·

339 920 399 955 Ab
423 920 634 964 oppositis.
688 918 733 954 Et
760 919 838 954 1100
866 919 945 954 est:
972 928 1121 953 sumus·
1147 919 1258 953 enim
1284 920 1359 954 etc.
1411 919 1458 954 E!
1487 919 1732 954 ‘tutiomtlea
1783 918 1860 954 Per
1880 918 2003 954 ratio·
2026 921 2058 946 ¹0

341 985 434 1020 nale
463 985 642 1029 intellige
670 984 871 1019 rationale
900 984 1062 1021 animal,
1091 984 1199 1028 quod
1228 986 1292 1020 est
1317 993 1460 1029 genus
1504 984 1685 1019 Interius
1710 986 1865 1019 autem..
1910 982 2004 1019 Dixi

341 1050 530 1094 superius
559 1049 783 1084 secundum
813 1049 985 1084 aliorum
1012 1049 1259 1084 sententiam
1288 1048 1563 1084 differentiam
1593 1058 1698 1085 esse.
1726 1058 1833 1093 quae
1860 1047 2004 1083 dividit

339 1124 389 1150 ea
422 1124 529 1158 quae
571 1114 644 1149 sub
685 1113 831 1149 eodem
871 1122 1025 1158 genere
1067 1115 1170 1149 sunt.
1223 1113 1303 1149 Sed
1343 1114 1447 1149 haec
1488 1113 1707 1158 descriptio
1748 1123 1830 1149 non
1870 1112 2001 1148 solum

337 1178 581 1213 differentiis
619 1177 824 1213 convenit.
876 1176 923 1212 Et
957 1178 1032 1212 hoc
1067 1178 1145 1212 est:
1182 1176 1261 1212 Sed
1296 1177 1350 1212 illi
1377 1178 1444 1222 qui
1472 1178 1786 1222 perscrutantur
1812 1176 1925 1221 prius
1953 1185 2002 1212 ac

338 1252 412 1287 per
439 1243 516 1278 1100
543 1244 691 1287 postea
719 1242 986 1287 speculantur
1013 1243 1201 1277 naturam
1230 1241 1489 1278 differentiae
1519 1242 1701 1281 interius,
1741 1242 1779 1276 id
1815 1242 1878 1276 est
1912 1250 2002 1286 per·
2026 1252 2057 1276 15

336 1308 455 1343 fecte.
485 1307 623 1343 dicunt
650 1316 731 1342 non
760 1316 854 1342 esse
882 1306 1156 1342 differentiam
1187 1307 1411 1350 quamlibet
1439 1306 1489 1341 de
1518 1306 1796 1342 dividentibus
1825 1314 1876 1341 ea
1895 1314 2002 1350 quae

338 1373 414 1407 sub
448 1373 594 1407 eodem
635 1381 790 1416 genere
831 1373 936 1410 sunt,
981 1372 1055 1407 sed
1099 1372 1195 1407 illud
1232 1372 1389 1407 tantum
1427 1371 1536 1415 quod
1574 1370 1625 1406 ad
1665 1380 1759 1406 esse
1799 1370 2002 1410 conducit,

338 1437 520 1480 speciem
549 1436 717 1473 scilicet,
756 1436 793 1471 id
823 1437 886 1471 est
920 1436 1013 1471 illud
1042 1436 1157 1471 cuius
1186 1445 1252 1470 res
1286 1435 1509 1479 specialem
1547 1436 1698 1470 statum
1735 1434 1923 1478 complet,
1960 1434 2003 1468 ut

338 1501 551 1537 rationale.
590 1501 667 1536 hoc
704 1510 866 1536 nornen.
904 1500 1019 1536 cuius
1056 1509 1133 1539 res,
1174 1500 1332 1535 scilicet
1366 1499 1635 1538 rationalitas,
1675 1500 1844 1544 propter
1879 1507 2002 1543 quam

338 1566 544 1603 convenit,
567 1565 839 1601 substantiam
857 1565 1046 1600 animalis
1069 1564 1259 1600 rationali
1278 1565 1473 1600 adiuncta
1494 1564 1659 1599 animali
1682 1563 1854 1608 perficit.
1882 1562 2000 1599 Unde
2021 1574 2056 1599 20

337 1632 443 1666 bene
473 1631 575 1666 dixit
602 1640 683 1666 non
713 1630 855 1669 ,ducit‘.
883 1630 956 1665 sed
987 1630 1212 1669 conducit:
1243 1629 1339 1674 quia
1366 1629 1455 1664 sola
1482 1639 1564 1664 non
1593 1628 1746 1664 sufficit
1772 1628 1825 1664 ad
1851 1627 2002 1663 consti-

338 1696 536 1731 tutionem
560 1695 727 1740 speciei‚
756 1695 830 1730 sed
852 1695 1067 1730 materiam
1087 1694 1231 1738 ipsam,
1253 1703 1360 1738 quae
1382 1703 1537 1739 genere
1559 1694 1736 1733 notatur,
1758 1693 2000 1737 praeiacere

339 1762 511 1804 oportet.
565 1760 612 1795 ΕΙ
640 1759 755 1804 quod
780 1759 878 1804 [es-tl
904 1759 995 1794 eins
1023 1759 1137 1803 qnod
1169 1760 1226 1793 est
1259 1768 1342 1793 esse
1380 1758 1454 1799 rei,
1489 1767 1594 1802 pars
1628 1759 1697 1798 est,
1733 1757 1772 1792 id
1809 1757 1874 1792 est
1909 1757 2001 1792 sub-

338 1825 541 1860 stantialis
570 1824 833 1860 definitionis.
886 1823 951 1859 Ait
978 1832 1156 1867 namque
1184 1823 1474 1858 Boet11ius1:
1503 1821 1618 1863 ,Quid
1647 1823 1712 1857 est
1738 1823 1876 1857 autem
1904 1830 2000 1857 esse

339 1889 426 1924 rei‘?
478 1889 581 1924 Nihil
609 1890 673 1924 est
700 1889 807 1924 aliud
843 1888 917 1923 nisi
946 1888 1143 1923 definitio.
1195 1887 1424 1931 Unicuique
1459 1887 1568 1922 enim
1605 1886 1665 1922 rei
1700 1886 1999 1931 interrogatae:
2020 1891 2054 1917 25

339 1954 433 1997 quid
462 1956 536 1990 est.
574 1953 607 1988 si
644 1953 734 1997 quis
769 1953 877 1997 quod
912 1955 975 1988 est
1009 1962 1105 1988 esse
1139 1952 1199 1987 rei
1234 1954 1465 1987 monstrare
1494 1951 1680 1991 voluerit,
1717 1950 1999 1987 definitionem

339 2017 445 2052 dicit.
498 2017 602 2062 Ergo
631 2017 665 2052 si
694 2017 788 2060 quid
809 2016 1060 2052 definitionis
1083 2025 1179 2060 pars
1200 2015 1335 2057 fuerit,
1359 2015 1447 2050 eius
1468 2025 1576 2059 pars,
1599 2023 1706 2059 quae
1728 2014 1848 2050 unius
1870 2013 2001 2049 cuius-

338 2091 416 2126 que
444 2082 503 2117 rei
532 2082 640 2126 quod
669 2091 762 2117 esse
791 2081 853 2121 sit,
882 2081 1091 2124 designat:
1144 2080 1202 2115 Ex
1229 2080 1293 2115 his
1321 2081 1459 2115 autem
1485 2079 1624 2115 verbis
1650 2079 1890 2114 Boethius
1918 2087 2000 2113 ma-

338 2146 485 2182 nifeste
519 2147 721 2181 monstrat
748 2145 1023 2181 differentiam
1060 2144 1376 2180 substantialem
1413 2153 1534 2188 quam
1572 2143 1674 2179 dixit
1709 2152 1803 2179 esse
1839 2144 1999 2188 partem

338 2211 600 2248 definitionis,
628 2220 772 2246 vocem
801 2220 908 2248 esse.
938 2219 1017 2245 non
1047 2219 1133 2245 rem
1161 2210 1315 2245 debere
1349 2208 1529 2253 intelligi.
1580 2208 1661 2244 Res
1695 2217 1873 2252 namque
1901 2216 1998 2252 pars
2019 2219 2053 2243 30

339 2274 590 2310 definitIOnis
619 2283 714 2309 esse
741 2283 822 2309 non
851 2275 999 2318 potest.
1052 2272 1091 2307 Si
1113 2273 1203 2317 quis
1231 2273 1367 2308 autem
1397 2272 1474 2307 hoc
1501 2273 1642 2311 totum,
1670 2271 1778 2315 quod
1807 2271 1857 2306 de
1885 2269 1999 2306 diffe-

338 2340 471 2374 rentia
497 2339 561 2374 hic
589 2339 696 2375 dicit.
724 2338 865 2383 generi
889 2347 1051 2382 quoque
1074 2337 1299 2373 convenire
1327 2337 1445 2378 dicat,
1474 2336 1527 2371 nil
1556 2337 1684 2377 obest,
1713 2336 1810 2380 quia
1829 2335 1894 2371 hic
1914 2344 1997 2370 non

338 2404 511 2439 intendit
538 2404 710 2439 definire
739 2402 1013 2438 differentiam
1051 2402 1375 2441 substantialem,
1413 2401 1517 2436 sicut
1553 2401 1744 2445 superius
1780 2400 1886 2441 fecit,
1923 2399 1998 2435 sed

339 2478 536 2512 separare
573 2477 665 2503 eam
702 2469 752 2503 ab
790 2467 1114 2503 accidentalibus
1143 2466 1386 2502 differentiis
1423 2467 1547 2510 atque
1575 2466 1781 2510 quandam
1818 2464 1998 2509 descrip-

337 2532 490 2567 tionem
520 2525 789 2567 differentiae.
825 2540 945 2575 quam
982 2530 1207 2565 secundum
1241 2530 1441 2574 quosdam
1480 2530 1662 2570 dederat,
1700 2528 1880 2564 ostendit
1915 2537 1997 2564 non
2017 2541 2052 2566 35

338 2597 467 2631 solum
496 2595 835 2631 substantialibus
864 2594 1108 2629 differentiis
1142 2593 1379 2629 convenire.
1431 2593 1570 2637 Neque
1595 2593 1720 2628 enim.
1773 2592 1881 2627 Vere
1914 2601 1996 2627 non

338 2670 459 2695 omne
488 2660 595 2705 quod
629 2659 771 2694 dividit
809 2669 859 2694 ea
891 2669 997 2703 quae
1036 2659 1110 2694 sub
1149 2658 1294 2694 eodem
1333 2667 1500 2703 genere,
1537 2659 1600 2693 est
1636 2656 1871 2693 differentia
1906 2656 1997 2692 sub-

338 2725 553 2765 stantialis,
583 2724 677 2769 quia
704 2724 938 2769 navigabile
968 2733 1047 2758 non
1087 2725 1150 2758 est
1186 2722 1430 2758 differentia.
1482 2722 1515 2757 A
1542 2723 1669 2766 parte.
1720 2721 1767 2757 Et
1801 2721 1880 2757 hoc
1916 2722 1996 2757 est:

337 2790 376 2824 id
398 2790 513 2833 quod
539 2790 688 2833 aptum
721 2790 867 2823 nalum
901 2788 1116 2830 mamistam,
1144 2797 1192 2822 ac
1220 2787 1253 2821 si
1281 2787 1456 2822 diceret:
1484 2787 1561 2821 hoc
1588 2795 1739 2821 nomen
1760 2784 1995 2830 navigabile

338 2862 417 2888 11011
453 2854 515 2888 est
551 2852 785 2887 differentia
819 2851 1006 2889 nominis,
1044 2850 1232 2895 quamvis
1261 2850 1312 2886 sit
1339 2850 1545 2894 proprium
1574 2850 1674 2889 01118,
1711 2850 1752 2884 01
1787 2848 1882 2884 inde
1917 2848 1995 2883 hoc
2015 2857 2050 2881 40

480 2969 497 2998 8
526 2950 728 2999 ostenditur
756 2967 802 3004 ΑΖ
830 2966 1069 2997 ostenduntur
1098 2966 1124 2996 A
1215 2966 1255 2996 17
1284 2962 1467 3003 conducit]
1495 2966 1514 2995 ἱ·
1544 2964 1571 2994 Λ
1662 2964 1702 2995 18
1731 2963 1832 2995 cuius
1858 2971 1918 2994 res
1947 2962 1994 3000 ⁴42

337 3035 397 3057 res
425 3027 525 3059 cuius
553 3026 580 3057 A
681 3026 724 3056 28
752 3034 797 3057 ex
825 3025 871 3062 ,42
898 3027 933 3056 et
962 3025 989 3055 A
1090 3024 1132 3055 40
1161 3021 1257 3062 inde]
1286 3026 1331 3055 un
1358 3023 1386 3055 A

481 3107 489 3127 ¹
519 3107 679 3144 Boeth.,
708 3106 751 3138 In
780 3106 916 3146 Porph.
946 3106 1000 3137 ed.
1028 3106 1055 3137 II
1083 3105 1103 3137 I.
1132 3114 1170 3141 0.,
1199 3114 1232 3144 p.
1261 3104 1327 3136 273
1344 3102 1382 3135 ¹³.
