2200 3387
477 250 506 280 2.
536 248 600 280 Dic
628 248 783 280 Glosscn
813 257 855 280 zu
884 248 952 280 den
983 248 1217 287 Kutegorien.
1249 268 1276 270 a
1319 249 1368 280 lle
1396 249 1612 281 substantia.
1821 247 1879 282 151

215 354 296 380 non
334 345 562 389 superfluit.
600 345 696 390 quia
732 345 784 380 ad
812 345 921 380 aliud
952 345 1263 380 monstrandum
1300 345 1466 381 inducta
1504 347 1577 381 est.
1631 346 1727 381 Nam
1767 356 1885 390 supe-

215 410 298 445 rius
324 409 376 445 ad
404 410 482 446 hoc
511 409 678 445 inducta
706 409 788 449 luit.
826 412 868 445 ut
905 419 978 454 per
1014 419 1105 445 cam
1145 411 1387 446 ostenderet
1424 410 1588 454 species
1626 411 1756 455 magis
1795 412 1886 446 sub-

213 475 390 511 stantias
418 484 514 511 esse
542 484 664 520 quam
693 484 862 519 genera.
891 475 956 511 liic
983 484 1084 510 vero
1117 475 1167 510 ad
1197 475 1286 513 hoc.
1318 478 1360 511 ut
1387 475 1582 511 ostendat
1610 478 1690 511 tam
1721 476 1886 520 species

213 550 334 586 quam
363 549 520 585 genera
548 541 661 576 recte
682 540 890 576 secundas
913 540 1169 576 substantias
1192 540 1404 585 appellari.
1459 540 1598 576 l’otest
1621 543 1757 576 tamen
1783 541 1885 576 llaec

176 615 192 638 τ,
214 606 446 652 proprietas
483 605 650 641 diversa
685 604 815 641 videri
859 606 911 641 ab
956 605 1023 640 illa
1068 615 1190 650 quam
1228 615 1355 651 supra
1393 606 1540 650 posuit.
1594 606 1649 641 lbi
1690 606 1796 641 enim
1836 607 1886 641 de

213 671 500 717 suppositione
534 670 618 715 egit
644 672 727 706 tam
755 671 983 706 secundum
1013 671 1368 716 praedicationem
1395 681 1517 716 quam
1545 671 1772 707 secundum
1801 672 1886 706 t'un—

213 737 434 775 dationem.
481 736 625 772 dicens
670 735 831 772 scilicet
874 736 1014 772 omnia
1050 737 1131 772 alia
1167 737 1218 772 de
1255 737 1397 782 primis
1434 737 1678 772 substantiis
1715 737 1793 773 dici
1821 738 1884 773 vel

213 802 252 838 in
281 802 341 839 eis
369 811 478 841 esse.
513 811 594 838 non
623 801 756 838 solum
791 802 1154 847 comprehendens
1192 804 1358 847 sumpta
1393 802 1668 838 accidentium
1709 803 1886 841 nomina.

212 877 356 904 verum
385 867 508 903 etiam
535 867 808 903 substantiva.
860 867 934 903 Hic
956 877 1058 903 vero
1081 868 1132 904 de
1153 868 1415 904 subiectione
1437 878 1511 913 per
1533 868 1885 913 praedicationem

159 934 370 969 nutantum
398 941 526 978 agere
554 932 726 973 videtur.
754 942 846 968 cum
874 933 1087 978 supponit:
1116 933 1188 973 ‚De
1216 933 1278 969 his
1301 933 1409 969 enim
1432 934 1592 978 reliqua
1612 933 1750 969 omnia
1772 943 1887 978 prae-

211 997 423 1034 dicantur‘.
487 998 570 1035 Sed
609 999 693 1040 <si>
739 999 791 1035 de
837 998 1099 1035 subiectione
1146 1000 1305 1035 tantum
1346 999 1670 1044 'praedicationis
1713 999 1886 1043 agimus.

211 1063 420 1108 quomodo
448 1064 544 1100 dicit
580 1064 782 1103 ‚omnibus
809 1064 911 1100 aliis·
942 1064 1209 1100 nominibus?
1261 1064 1423 1110 Quippe
1457 1066 1682 1100 formarum
1721 1064 1888 1100 nomina

211 1129 501 1165 substantialia
528 1129 579 1165 de
607 1129 668 1165 eis
697 1139 779 1166 non
808 1129 1114 1175 praedicantur.
1168 1129 1249 1166 Sed
1285 1130 1464 1166 fortasse
1492 1130 1574 1166 tale
1603 1132 1667 1166 est
1694 1130 1802 1175 quod
1832 1130 1888 1165 ait

212 1194 413 1235 ‚omnibus
441 1194 556 1233 aliis.
583 1204 633 1231 ac
661 1195 694 1231 si
723 1195 897 1231 diceret:
935 1194 1172 1231 nominibus
1200 1195 1497 1240 cuiuscumque
1526 1196 1700 1232 naturae
1729 1195 1889 1240 praedi-

160 1266 192 1291 15
212 1260 392 1296 camenti
419 1260 705 1305 designativis.

354 1325 493 1362 Posita
519 1335 621 1362 vero
649 1326 906 1372 proprietate
934 1326 1158 1372 primarum
1186 1327 1514 1363 substantiarum
1548 1327 1719 1371 adaptat
1752 1326 1889 1362 simili-

212 1391 395 1428 tudinem
418 1392 696 1428 secundarum
718 1391 771 1428 ad
794 1392 948 1437 primas
971 1392 1132 1428 dicens:
1161 1392 1274 1428 Sicut
1293 1394 1433 1428 autem
1455 1392 1614 1437 primae
1629 1392 1888 1428 substantiae

211 1457 263 1493 ad
290 1456 373 1493 alia
393 1457 532 1493 omnia
554 1467 600 1493 se
628 1458 794 1497 habent,
821 1457 862 1493 in
891 1467 941 1494 eo
970 1457 1129 1494 scilicet
1156 1457 1266 1503 quod
1288 1458 1348 1493 eis
1369 1458 1659 1503 supponuntur
1679 1459 1887 1502 tamquam

212 1521 401 1558 subiecta
437 1524 513 1558 etc.
575 1523 634 1558 De
669 1523 736 1558 his
771 1523 898 1559 enim.
960 1523 1070 1559 Vere
1108 1524 1400 1568 supponuntur
1434 1523 1645 1559 secundae
1678 1523 1779 1561 aliis.
1816 1532 1891 1567 per

158 1598 193 1623 20
213 1587 569 1633 praedicationem
591 1588 760 1627 scilicet,
782 1588 878 1633 quia
900 1588 981 1624 alia
1002 1588 1298 1633 praedicantur
1319 1588 1369 1624 de
1392 1588 1600 1624 secundis.
1637 1588 1671 1624 A
1693 1587 1888 1624 relativis.

211 1652 259 1689 Et
285 1654 363 1689 hoc
391 1655 470 1689 est:
508 1654 560 1690 de
596 1654 660 1690 his
695 1653 802 1690 enim
838 1653 999 1699 reliqua
1037 1653 1177 1690 omnia
1213 1654 1519 1699 praedicantur,
1557 1653 1697 1689 omnia
1733 1653 1890 1689 scilicet

213 1728 321 1764 quae
349 1719 400 1755 de
428 1718 570 1764 primis
593 1719 794 1759 dicuntur,
823 1720 974 1764 quippe
1003 1720 1209 1764 quaedam
1237 1720 1400 1765 sumpta
1427 1721 1600 1764 supra¹
1630 1719 1809 1755 dixImus
1838 1718 1888 1755 de

213 1784 456 1820 substantiis
483 1794 566 1820 non
595 1784 840 1830 praedicari,
879 1794 986 1830 quae
1015 1785 1175 1821 scilicet
1202 1785 1437 1821 accidentia
1463 1784 1635 1821 aliarum
1663 1785 1887 1820 formarum

213 1849 462 1895 significant.
514 1849 567 1886 Ut
593 1852 733 1886 autem
762 1850 955 1886 innueret
982 1849 1021 1886 id
1051 1860 1148 1886 esse
1177 1849 1489 1896 intelligendum
1523 1850 1574 1886 de
1611 1850 1673 1885 his
1702 1859 1810 1894 quae
1839 1850 1889 1886 de

157 1930 192 1954 ες,
214 1914 355 1960 primis
384 1915 688 1960 praedicantur.
717 1915 901 1951 ostendit
922 1925 997 1961 per
1017 1915 1170 1961 primas
1193 1915 1316 1952 etiam
1338 1915 1668 1960 suppositionem
1689 1915 1890 1951 secunda-

211 1989 301 2016 rum
329 1980 491 2016 dicens:
519 1981 699 2025 aliquem
727 1980 936 2017 hominem
970 1981 1144 2017 dicimus
1179 1981 1506 2026 grammaticum.
1535 1990 1636 2026 ergo
1666 1981 1889 2016 hominem.

212 2044 259 2081 Et
286 2045 364 2082 hoe
393 2047 471 2081 est:
498 2046 692 2090 Aliquem
722 2046 848 2082 enim.
900 2046 1033 2083 Locus
1058 2046 1106 2082 fit
1126 2056 1151 2082 a
1172 2046 1357 2091 partibus
1386 2046 1458 2082 ita:
1488 2046 1596 2082 Vere
1623 2046 1703 2082 alia
1730 2046 1890 2091 praedi·

212 2112 357 2147 cantur
391 2111 441 2147 de
469 2111 666 2148 secundis
694 2111 950 2151 substantiis,
978 2112 1075 2157 quia
1104 2111 1418 2158 grammaticum
1447 2112 1498 2148 de
1526 2111 1693 2148 homine
1731 2113 1771 2148 et
1807 2111 1890 2147 ani-

212 2176 319 2213 mali.
370 2176 418 2212 Et
444 2177 523 2213 hoc
551 2178 632 2213 est:
669 2178 711 2213 tu
739 2177 918 2222 aliquem
948 2177 1051 2213 dicis
1078 2177 1289 2214 hominem
1317 2186 1414 2213 esse
1441 2177 1766 2222 grammaticum.
1794 2177 1889 2222 quia

158 2254 192 2279 30
212 2240 316 2278 dicis
343 2241 534 2287 aliquem,
563 2241 602 2277 id
631 2243 695 2278 est
722 2242 787 2278 vel
816 2242 924 2278 hunc
951 2242 1017 2278 vel
1045 2241 1168 2279 illum.
1197 2251 1294 2278 esse
1322 2241 1645 2288 grammaticum.

354 2306 590 2343 Commune
616 2309 684 2343 est.
736 2307 958 2352 Postquam
987 2307 1236 2343 divisionem
1264 2307 1589 2343 substantiarum
1627 2316 1702 2352 per
1738 2307 1891 2352 primas

213 2374 254 2408 et
281 2372 489 2409 secundas
516 2374 742 2409 exsecutus
770 2374 846 2413 est,
873 2372 1095 2418 diligenter
1122 2373 1245 2409 modo
1274 2373 1455 2411 istarum,
1483 2372 1606 2408 modo
1640 2372 1798 2408 illarum
1835 2372 1889 2407 di-

212 2437 428 2483 stinguens
456 2437 744 2483 proprietates,
772 2439 1091 2475 communitates
1114 2438 1181 2475 vel
1203 2438 1483 2483 proprietates
1506 2437 1783 2474 secundarum
1806 2439 1886 2473 tam

213 2501 254 2537 in
282 2501 407 2538 rebus
443 2511 565 2546 quam
599 2502 639 2538 in
677 2502 850 2539 vocibus
885 2503 1028 2548 incipit
1063 2503 1240 2548 aperire,
1281 2503 1333 2539 ad
1372 2502 1571 2538 maiorem
1611 2502 1768 2538 scilicet
1806 2503 1886 2538 tam

159 2580 192 2603 35.
214 2574 375 2603 rerum
402 2576 525 2612 quam
553 2576 727 2603 vocum
761 2568 1054 2614 cognitionem.
1108 2568 1154 2604 Et
1191 2569 1297 2604 hanc
1340 2567 1511 2613 primam
1549 2567 1887 2603 communitatem

214 2631 386 2668 vocibus
421 2632 762 2669 substantialibus
789 2633 986 2673 attribuit.
1023 2635 1105 2669 tam
1134 2633 1276 2679 primis
1303 2633 1462 2669 scilicet
1495 2633 1738 2669 substantiis
1767 2642 1886 2677 quam

214 2696 421 2735 secundis,
449 2706 556 2742 quae
577 2699 640 2733 est
659 2707 741 2734 non
764 2708 860 2734 esse
889 2699 929 2734 in
958 2699 1157 2735 subiecto.
1209 2698 1256 2734 Et
1284 2700 1419 2736 nota.
1449 2698 1558 2743 quod
1592 2707 1700 2735 ,esse
1729 2698 1766 2733 in
1797 2698 1889 2732 sub-

214 2763 332 2798 iecto‘
361 2762 523 2798 duobus
551 2762 683 2799 modis
711 2763 912 2808 accipitur
938 2763 1044 2800 sicut
1071 2764 1149 2800 hoc
1184 2773 1333 2800 nomen
1371 2764 1578 2800 accidens
1631 2763 1751 2798 Modo
1780 2763 1887 2798 enim

215 2837 366 2864 nomen
394 2829 457 2863 est
483 2837 661 2869 rerum,
690 2829 812 2865 modo
841 2839 1025 2865 vocum.
1079 2829 1254 2869 Quando
1283 2830 1422 2865 autem
1452 2838 1602 2864 nomen
1642 2830 1703 2864 est
1740 2837 1887 2864 rerum.

159 2906 194 2929 40
215 2892 405 2929 omnibus
433 2893 604 2929 vocibus
631 2894 827 2930 convenit
863 2895 1091 2930 secundum
1129 2894 1206 2930 lioc
1243 2894 1351 2938 quod
1390 2893 1644 2938 quantitates
1681 2893 1887 2933 dicuntur:

218 2957 385 3003 quando
412 2959 550 2994 autem
586 2967 736 2994 nomen
774 2961 837 2995 est
871 2969 1031 2997 vocum,
1072 2968 1125 2995 ex
1165 2968 1215 2995 eo
1259 2959 1417 2994 scilicet
1453 2959 1561 3003 quod
1601 2958 1888 3004 designativae

215 3023 311 3058 sunt
338 3021 654 3058 accidentalium
682 3023 906 3059 formarum
935 3023 1000 3059 vel
1030 3023 1136 3071 sicut
1163 3032 1305 3059 earum
1342 3023 1509 3058 nomina
1535 3023 1796 3059 substantiva
1822 3023 1887 3059 vel

1920 2288 2056 2322 Boeth.

1920 2346 1955 2379 p.
1974 2338 2041 2369 1³¹.)
2053 2336 2084 2370 Ι)

359 3127 398 3158 21
429 3125 565 3166 omnia]
593 3136 611 3159 c
639 3127 664 3159 Α
779 3128 822 3159 26
850 3125 1025 3168 aliquem]
1054 3127 1277 3168 quandoque
1306 3127 1414 3160 homo
1445 3128 1470 3158 Α
1610 3128 1652 3160 29
1681 3128 1816 3168 aliquis
1847 3128 1886 3160 Α.

358 3190 366 3212 ¹
398 3191 448 3224 Cf.
477 3199 599 3231 supra
627 3201 660 3232 p.
692 3187 888 3224 14511-2'1.
