2200 3387
153 922 182 945 ll)

153 1245 182 1271 ¹5

146 1896 180 1922 25

145 2223 181 2248 30

146 2548 181 2573 :35

478 230 508 261 2.
538 228 603 261 1110
631 229 787 261 Glossen
816 237 859 260 zu
887 228 955 260 den
987 229 1220 267 Kutegorien.
1249 246 1274 250 —
1321 229 1372 261 ln·
1400 229 1616 262 substantia.
1814 227 1878 262 157

348 326 498 362 Omnis
524 328 666 362 ‹tiele-m
696 326 949 361 substantia.
1004 326 1218 360 Adversus
1247 326 1352 361 illam
1383 326 1631 362 divisionem
1666 327 1717 362 (le
1753 327 1879 363 nomi·

205 391 325 427 nibus
353 391 677 427 substantiarum
707 400 831 435 quam
860 390 968 429 fecit.
995 390 1103 434 quod
1133 390 1291 425 scilicet
1329 394 1423 426 sunt
1459 391 1565 426 aliae
1595 392 1750 436 primae
1787 393 1879 427 sub-

204 456 395 495 stantiae.
432 456 540 492 aliae
578 456 802 495 secundae,
848 455 1156 500 oppositionem
1195 455 1291 490 facit
1327 466 1376 491 ac
1413 456 1615 494 dissolvit.
1658 466 1707 492 ac
1744 457 1778 492 si
1825 458 1879 493 ita

203 521 378 558 diceret:
409 521 499 557 Dixi
528 520 729 566 quasdam
760 520 1026 557 substantias.
1062 520 1098 555 id
1135 522 1197 555 est
1225 520 1430 564 quaedam
1460 521 1780 557 substantiarum
1811 533 1879 558 no-

203 586 324 624 mina.
360 585 621 621 universales
659 594 766 623 esse.
805 594 884 619 non
924 583 1207 628 particulares.
1260 584 1341 619 scd
1380 584 1490 619 nulla
1526 585 1758 621 substantia
1796 585 1879 621 uni-

206 649 382 684 versalis
411 648 487 684 nisi
517 648 788 693 particularis,
822 647 919 692 quia
946 647 1105 683 scilicet
1142 647 1292 683 nullam
1333 647 1494 683 videtur
1529 657 1613 683 rem
1649 649 1878 684 subiectam

203 713 454 759 significare.
478 714 554 749 nisi
578 716 620 748 ut
643 714 719 749 lioc
735 713 900 758 aliquid.
924 713 960 748 id
984 715 1049 748 est
1070 712 1346 757 personaliter
1374 713 1593 749 discretam
1614 714 1667 749 ab
1689 714 1879 749 omnibus

202 779 294 815 aliis
322 779 456 820 rebus
485 789 559 823 pro
589 789 639 814 eo
667 778 826 814 scilicet
853 778 961 823 quod
987 778 1096 813 nulla
1124 788 1190 813 res
1219 780 1283 812 est
1311 777 1387 813 nisi
1417 780 1459 813 ut
1486 778 1677 814 discreta.
1729 778 1776 814 Et
1804 780 1880 815 lioc

204 846 268 878 est
294 843 403 887 quod
432 843 508 878 ait:
546 842 680 878 omnis
714 842 947 878 substantia
976 842 1138 877 videtur
1167 842 1404 887 significare
1439 842 1517 878 hoc
1550 843 1714 887 aliquid.
1750 843 1786 879 id
1816 846 1880 879 est

204 917 289 944 rem
319 908 547 944 subiectam
577 907 792 943 nominare
821 909 863 943 ut
890 907 969 943 lioc
996 907 1160 952 aliquid.
1190 907 1229 942 id
1257 909 1321 942 est
1342 908 1622 952 personaliter
1642 908 1878 944 discretam.

202 973 287 1009 Nisi
315 976 356 1009 et
384 973 478 1008 inde
506 974 740 1009 faceremus
767 973 807 1008 in
836 973 961 1008 modo
990 972 1264 1018 significandi,
1303 982 1385 1008 non
1424 975 1539 1009 esset
1575 973 1733 1013 falsum,
1770 974 1879 1019 quod

202 1038 424 1079 videretur,
452 1039 604 1083 quippe
632 1048 715 1074 non
749 1038 856 1074 aliae
891 1047 958 1073 res
994 1038 1260 1073 nominantur
1287 1039 1338 1073 ab
1374 1038 1678 1074 universalibus
1706 1049 1827 1084 quam
1855 1050 1880 1075 a

201 1104 531 1149 particularibus.
573 1104 619 1139 Et
645 1104 686 1139 ιἰι
706 1103 867 1148 primis
881 1103 1068 1148 quidem,
1095 1103 1134 1138 id
1157 1104 1222 1138 est
1243 1103 1281 1138 in
1305 1103 1623 1147 particularibus
1645 1105 1879 1141 nomInibus

201 1169 538 1208 substantiarum.
570 1169 854 1204 indubitabile
880 1170 949 1203 est.
1001 1168 1155 1210 <Quia>
1185 1171 1328 1213 posset
1358 1178 1456 1204 esse
1484 1171 1622 1205 tamen
1642 1158 1693 1205 et
1721 1170 1880 1211 falsum,

203 1234 334 1270 addit:
368 1236 404 1270 (Ἰ
434 1244 576 1270 verum
607 1236 675 1269 est.
729 1233 1006 1269 lmliviaeluum
1046 1234 1172 1269 eniin.
1224 1233 1375 1270 Probat
1413 1244 1438 1270 a
1474 1235 1573 1279 pari.
1611 1235 1720 1279 quod
1757 1236 1879 1281 signi-

201 1298 330 1334 ficant
356 1308 443 1334 rem
472 1300 514 1334 ut
543 1299 619 1334 lioc
647 1298 813 1343 aliquid,
842 1298 939 1343 quia
966 1298 1203 1343 significant
1231 1308 1323 1334 eam
1353 1300 1395 1333 ut
1422 1298 1687 1337 individuum.
1715 1301 1756 1335 et
1783 1300 1880 1344 quia

202 1363 458 1399 individuum
487 1363 620 1408 accipi
648 1365 793 1408 posset
820 1363 886 1398 vel
914 1365 1083 1408 propter
1111 1363 1300 1399 duritiam
1331 1364 1394 1399 vel
1423 1366 1593 1409 propter
1620 1365 1878 1409 parvitatem,

203 1429 452 1465 determinat
476 1438 523 1464 se
545 1428 798 1464 individuum
816 1429 1009 1473 accipere
1031 1429 1259 1464 secundum
1282 1429 1548 1473 personalem
1571 1429 1878 1469 discretionem.

202 1503 293 1530 cum
323 1494 535 1539 supponit:
570 1503 707 1534 ‚unum
735 1501 932 1534 numero,
970 1494 1008 1529 id
1039 1495 1103 1529 est
1137 1494 1418 1539 personaliter
1455 1494 1690 1530 discretum.
1745 1495 1790 1530 In
1820 1506 1878 1531 se-

201 1560 352 1595 cundis
380 1569 486 1595 vero.
538 1559 580 1595 In
609 1559 750 1604 primis
779 1559 944 1595 videtur
976 1561 1018 1594 et
1054 1560 1129 1599 est,
1166 1559 1240 1595 sed
1273 1559 1313 1595 in
1351 1560 1548 1595 secundis
1576 1560 1739 1596 videtur
1772 1561 1879 1596 simi-

200 1625 303 1665 liter.
333 1626 375 1660 ut
402 1625 562 1660 scilicet
589 1624 825 1669 significent
860 1634 947 1660 rem
984 1624 1215 1660 subiectam
1252 1626 1295 1660 ut
1329 1625 1609 1669 personaliter
1645 1626 1878 1663 discretam.

201 1690 276 1726 sed
305 1699 386 1726 non
416 1693 478 1726 est
505 1698 660 1725 verum.
711 1689 759 1725 Et
792 1690 901 1725 unde
929 1690 1142 1726 videretur
1175 1690 1375 1731 similiter,
1409 1691 1621 1736 supponit:
1659 1701 1705 1726 nr
1736 1692 1876 1735 simu-(1

201 1755 526 1800 appellationis,
562 1755 601 1791 id
639 1757 703 1791 est
743 1765 797 1791 ex
830 1755 1096 1791 similitudine
1136 1755 1444 1792 nominationis.
1497 1756 1659 1792 Similes
1698 1766 1878 1802 namque

202 1822 298 1857 sunt
325 1820 537 1862 secundae
565 1820 826 1856 substantiae
855 1829 945 1855 cum
980 1820 1120 1865 primis
1155 1820 1195 1856 in
1229 1830 1280 1856 eo
1317 1821 1427 1866 quod
1465 1822 1637 1857 easdem
1674 1831 1741 1857 res
1769 1832 1876 1867 quae

203 1886 410 1922 discretae
438 1887 544 1924 sunt.
582 1885 807 1925 nominant,
846 1886 919 1921 sed
956 1886 994 1921 in
1029 1886 1153 1921 modo
1191 1886 1356 1931 quidem
1394 1886 1635 1922 nominandi
1672 1887 1877 1927 differunt,

201 1951 297 1995 quia
323 1951 493 1996 primae.
531 1951 570 1986 in
605 1952 803 1995 quantum
841 1951 919 1987 hoc
946 1951 1099 1996 aliquid
1138 1953 1244 1992 sunt,
1282 1952 1497 1988 nominant
1534 1962 1619 1991 eas,
1658 1952 1697 1988 id
1735 1954 1800 1988 est
1835 1954 1878 1988 ut

201 2016 480 2060 personaliter
500 2015 705 2051 discretas
727 2018 768 2051 et
789 2016 841 2051 ab
857 2015 1047 2051 omnibus
1069 2016 1325 2057 differentes,
1347 2017 1559 2052 secundae
1582 2026 1682 2052 vero
1705 2017 1877 2052 easdem

200 2081 411 2127 appellant
438 2083 481 2117 ut
508 2081 823 2117 convenientes.
875 2081 956 2117 Sed
984 2082 1134 2125 insulis.
1187 2081 1407 2118 Secundae
1435 2091 1518 2118 non
1546 2082 1782 2127 significant
1809 2092 1876 2118 res

201 2156 300 2183 suas
327 2148 371 2182 ut
403 2147 481 2182 hoc
517 2147 681 2191 aliquid,
719 2146 794 2182 sed
830 2146 968 2192 potius
1002 2148 1046 2182 ut
1084 2148 1205 2192 quale
1245 2147 1410 2192 aliqu-id.
1451 2148 1548 2193 quia
1587 2158 1678 2184 cum
1718 2148 1876 2193 primae

201 2212 460 2248 substantiae
489 2213 669 2248 maxime
697 2214 868 2257 propter
895 2212 1191 2249 discretionem
1228 2213 1487 2249 substantiae
1525 2213 1607 2249 sint
1642 2213 1876 2259 impositae,

201 2278 412 2314 secundae
439 2278 659 2323 impositae
693 2280 790 2314 sunt
822 2279 994 2323 propter
1020 2278 1259 2323 qualitatem
1298 2279 1569 2315 substantiae.
1622 2279 1734 2315 Licet
1766 2279 1876 2315 enim

201 2342 396 2378 Socrates
413 2342 633 2387 qualitates
650 2342 820 2378 easdem
842 2343 1091 2379 determinet
1105 2353 1210 2388 quas
1232 2343 1447 2380 continent
1462 2344 1680 2388 superiora
1696 2344 1875 2385 nomina,

202 2417 282 2444 non
311 2410 450 2443 tamen
479 2409 650 2452 propter
677 2417 750 2444 eas
779 2408 1014 2452 impositum
1047 2408 1133 2449 fuit,
1168 2409 1242 2444 sed
1278 2411 1447 2454 propter
1483 2409 1747 2454 personalem
1784 2410 1875 2445 sub-

201 2473 380 2508 stantiae
409 2472 716 2510 discretionem.
744 2482 864 2517 quam
900 2474 1135 2510 communia
1169 2474 1337 2510 nomina
1363 2484 1445 2510 non
1473 2475 1742 2510 denotabant.
1794 2474 1875 2511 Se—

201 2538 407 2575 cundum
435 2548 521 2575 eos
556 2540 708 2579 tamen.
737 2539 806 2584 qui
834 2539 978 2575 volunt
1006 2539 1218 2575 individua
1252 2540 1569 2576 accidentalium
1598 2549 1764 2585 quoque
1797 2540 1874 2576 for-

200 2613 358 2640 marum
386 2604 600 2640 continere
628 2604 987 2649 significationem,
1016 2605 1203 2641 similiter
1229 2608 1400 2651 propter
1420 2606 1641 2651 qualitates
1663 2606 1874 2641 individua

200 2671 368 2714 reperta
394 2672 490 2705 sunt
517 2670 622 2705 sicut
656 2670 918 2706 universalia.
970 2670 1018 2706 Et
1050 2671 1272 2708 attende.
1309 2671 1419 2716 quod
1454 2681 1534 2707 non
1571 2671 1629 2707 ait
1665 2672 1872 2707 secundas

201 2735 455 2770 substantias
492 2735 729 2779 significare
766 2735 887 2780 quale
925 2735 1175 2780 simpliciter.
1209 2737 1283 2772 sed
1322 2737 1510 2772 adiunxit
1547 2736 1732 2781 ‚aliquidz
1784 2736 1872 2772 Non

201 2798 310 2834 enim
348 2799 556 2843 qualitatis
596 2802 752 2835 tantum
794 2800 1140 2845 significationem
1179 2803 1332 2841 tenent,
1373 2810 1514 2836 verum
1557 2801 1678 2837 etiam
1717 2804 1872 2837 certam

147 2877 182 2901 ω
203 2863 414 2899 essentiae
438 2865 624 2900 naturam
649 2865 888 2909 designant:
919 2875 998 2900 non
1023 2865 1130 2900 enim
1155 2865 1277 2901 liomo
1300 2865 1396 2901 (licit
1417 2866 1657 2911 simpliciter
1676 2866 1871 2902 affectum

204 2928 482 2964 rationalitate
512 2929 576 2964 vel
613 2929 874 2966 mortalitate.
903 2939 1045 2965 verum
1083 2930 1272 2966 animalis
1309 2940 1474 2975 quoque
1513 2933 1700 2966 naturam
1739 2932 1873 2967 (leter-

203 2992 340 3030 minat.
356 2993 537 3038 alioquin
555 2998 759 3038 sumptum
781 2996 1166 3034 essetvocabulum.
1190 3005 1271 3031 non
1291 2996 1608 3033 substantivum.
1632 3005 1707 3032 nec
1721 3006 1871 3042 corpus

343 3122 385 3155 27
414 3122 573 3156 discreta
606 3123 630 3154 A
733 3123 775 3155 :52
804 3131 868 3155 eas
898 3122 921 3155 A
1027 3124 1063 3154 >ll
1097 3121 1238 3162 verum}
1267 3126 1311 3155 ui‘i
1344 3124 1381 3156 Α.

1908 299 1998 334 Boct
2007 299 2043 334 li.

1907 358 1940 390 p.
1959 349 2022 381 litt
2039 348 2067 381 Β
