2200 3387
471 227 500 258 2.
531 226 594 258 lm·
623 227 776 257 (ilosseu
807 235 848 257 zu
877 225 945 257 (len
977 225 1210 263 Kutegorien.
1244 244 1253 245 ff
1314 225 1364 256 lle
1391 226 1615 264 aequivocis,
1817 224 1874 257 121

208 323 386 358 nominis
415 333 437 358 a
467 323 585 359 nobis
616 323 693 358 iam
724 322 886 358 factam.
939 321 1121 356 Consilio
1153 331 1251 356 vero
1281 325 1320 356 et
1348 322 1648 357 ‹lelilieratioiw
1674 322 1877 366 quaedam

208 387 498 432 aequivocatio
528 388 582 425 fit.
611 387 777 432 quando
806 387 856 421 (le
887 396 966 421 una
995 396 1038 421 re
1067 386 1249 421 scienter
1271 387 1320 421 ad
1344 387 1465 422 aliam
1490 387 1775 422 transferimus
1799 397 1877 422 non

208 456 380 488 ornatus
408 453 552 497 gratia,
580 452 653 488 sed
684 451 950 487 necessitatis
984 460 1124 486 causa.
1178 450 1346 486 Duobus
1382 461 1558 495 namque
1586 452 1716 486 modis
1752 456 1881 487 trans-

209 518 305 553 latio
336 518 378 553 fit
406 520 476 552 aut
504 517 731 552 secundum
759 519 947 551 ornatum
977 518 1046 551 aut
1070 519 1238 560 propter
1260 516 1552 551 necessitatem
1578 517 1880 559 signifieandm·

174 593 187 613 ··
209 583 278 619 rei.
306 592 396 618 eum
428 582 620 617 videlicet
646 581 735 626 ipsa
759 591 908 616 nomen
934 591 1013 616 non
1039 581 1162 616 habet
1185 591 1259 625 per
1281 581 1388 625 quod
1413 581 1663 625 designetur.
1712 581 1755 616 lit
1778 582 1880 617 liacc

159 917 188 940 10

155 1568 190 1592 20

208 647 371 692 quidem
397 646 610 682 translatio
634 656 740 691 quae
765 648 934 690 propter
956 645 1166 690 penuriam
1194 645 1370 681 nominis
1392 646 1446 682 fit.
1470 646 1506 681 in
1531 646 1880 690 aequivocatione

208 720 376 755 semper
402 710 599 745 consistit.
654 709 761 745 lllam
794 719 893 745 vero
923 719 1029 754 quae
1058 710 1108 745 ad
1139 712 1327 745 ornatum
1358 710 1563 745 sermonis
1592 710 1647 745 fit.
1677 711 1714 745 in
1744 710 1882 754 aequi-

210 774 428 810 vocatione
467 777 573 810 teste
615 773 848 809 Boethio¹
889 773 1197 809 Aristoteles
1237 784 1316 809 non
1357 774 1511 818 recipit.
1554 774 1679 809 veluti
1719 774 1751 808 si
1790 774 1881 818 quis

209 843 379 875 ornatus
416 839 549 883 gratia
586 840 907 884 gubernatorem
946 839 1054 874 dicat
1091 839 1288 883 aurigam.
1329 849 1408 874 non
1449 839 1525 874 erit
1558 839 1701 883 auriga
1731 849 1879 874 nomen

208 905 495 949 aequivocum.
525 904 619 940 lieet
649 904 685 940 id
709 905 877 940 diversa
905 904 1122 949 significet.
1152 904 1309 940 scilicet
1338 904 1641 940 moderatorem
1672 914 1815 939 currus
1844 907 1884 939 et

210 969 339 1005 navis.
393 969 452 1005 De
490 979 570 1014 quo
608 969 712 1005 haec
750 969 853 1005 ratio
892 971 966 1006 est.
1004 969 1112 1014 quod
1154 969 1320 1013 quando
1349 979 1585 1005 sermonem
1617 979 1882 1005 exornamus.

210 1034 396 1079 vulgaria
435 1036 560 1070 verba
599 1037 639 1070 et
676 1035 868 1070 omnibus
907 1037 1004 1070 nota
1046 1036 1217 1079 propter
1255 1034 1527 1070 curialitatem
1571 1035 1760 1070 vitantes.
1802 1044 1881 1070 non

210 1110 358 1135 novam
391 1099 696 1145 impositionem
726 1100 841 1135 vocis
870 1099 1054 1137 facimus,
1089 1100 1162 1136 sed
1199 1100 1248 1135 ad
1278 1101 1442 1144 tempus
1471 1100 1521 1136 ad
1553 1110 1700 1135 novam
1732 1100 1884 1144 signifi-

209 1165 413 1201 cationem
454 1174 544 1201 eam
583 1166 958 1203 accommodamus.
997 1174 1118 1210 quam
1157 1165 1320 1210 quidem
1357 1165 1703 1210 significationem
1740 1175 1883 1210 perse

175 1242 190 1263 :·
212 1240 292 1266 non
332 1230 465 1266 habet.
507 1230 581 1266 sed
622 1230 753 1276 magis
791 1240 844 1266 ex
885 1229 1024 1275 aliquo
1065 1230 1141 1266 sibi
1183 1230 1390 1266 adiuncto.
1452 1230 1492 1265 si
1530 1231 1636 1266 enim
1677 1231 1883 1266 dicamus:

211 1295 406 1341 ,aurigam
430 1305 546 1331 suum
572 1296 690 1331 navis
712 1295 873 1333 amisit,
896 1305 971 1340 per
992 1295 1298 1331 adiunctionem
1324 1296 1442 1331 navis
1463 1296 1500 1331 in
1517 1295 1661 1340 auriga
1678 1298 1882 1332 rectorem

212 1361 487 1407 intelligimus.
529 1360 569 1396 Si
591 1370 690 1397 vero
713 1361 917 1397 dicamus:
939 1361 1095 1406 ‚auriga
1118 1362 1253 1396 venir.
1276 1371 1358 1396 non
1381 1361 1458 1396 nisi
1481 1361 1720 1397 moderator
1741 1371 1885 1397 currus

212 1425 460 1471 intelligitur.
515 1425 710 1461 Similiter
744 1435 832 1461 cum
870 1425 1059 1461 dicimus:
1096 1427 1226 1468 prata
1260 1425 1403 1460 rident·
1438 1434 1513 1470 pro
1549 1427 1677 1469 prata
1711 1425 1884 1462 florent.

211 1490 249 1526 in
273 1490 431 1527 sidere·
461 1491 613 1527 florere
636 1491 902 1536 intelligimus
933 1500 1014 1526 non
1038 1500 1090 1526 ex
1115 1490 1152 1525 vi
1180 1490 1305 1527 vocis.
1328 1500 1418 1525 cum
1443 1500 1516 1534 per
1538 1500 1583 1526 se
1613 1491 1690 1526 hoc
1712 1500 1793 1526 non
1818 1491 1886 1526 lia-

211 1556 317 1593 beat.
340 1556 412 1591 sed
437 1566 489 1592 ex
512 1556 778 1592 adiunctione
802 1557 1024 1601 pratorum.
1053 1565 1226 1599 quorum
1249 1555 1408 1591 scilicet
1428 1556 1580 1591 florere
1604 1566 1699 1591 esse
1720 1556 1886 1592 scimus.

210 1631 291 1656 non
332 1621 479 1657 ridere.
533 1621 572 1657 Si
602 1631 702 1657 vero
742 1621 977 1657 diceremus
1015 1621 1290 1656 substantiam
1330 1621 1477 1657 ridere.
1516 1621 1627 1656 nullo
1656 1621 1778 1656 modo
1808 1621 1884 1656 nisi

211 1686 334 1722 risum
359 1686 692 1733 intelligeremus
746 1687 863 1726 Quod
886 1686 1024 1731 itaque
1047 1686 1085 1722 in
1111 1686 1276 1730 ,auriga
1300 1686 1365 1722 vel
1389 1686 1427 1721 in
1453 1686 1610 1723 ,ridere
1635 1686 1885 1731 quandoque

212 1750 319 1786 aliud
357 1750 621 1795 intelligimus
657 1760 709 1786 ex
744 1751 950 1786 adiunctis
985 1750 1073 1786 sibi.
1112 1760 1234 1795 quam
1270 1750 1421 1785 habeat
1449 1759 1591 1785 eorum
1622 1750 1788 1794 propria
1818 1750 1886 1785 im—

212 1815 375 1860 positio.
413 1825 494 1851 non
532 1818 596 1851 est
634 1816 710 1851 lioc
747 1815 1106 1860 aequivocationis
1142 1815 1427 1860 multiplicitati
1463 1814 1756 1859 deputandum.
1794 1824 1883 1851 cum

158 1888 192 1912 25·
213 1891 295 1916 vox
333 1881 454 1917 etiam
495 1891 568 1926 per
604 1891 649 1916 se
687 1881 795 1916 dicta
831 1881 1022 1917 diversos
1051 1890 1130 1916 non
1163 1881 1314 1916 habeat
1343 1890 1507 1916 sensus.
1560 1879 1600 1915 Si
1629 1880 1720 1924 quis
1747 1883 1883 1915 autem

159 2214 194 2237 3⁸}

213 1948 398 1990 quaerat.
427 1947 594 1991 quando
623 1947 662 1982 in
691 1946 836 1991 auriga
863 1947 1120 1991 gubernator
1148 1945 1397 1997 intelligitur.
1427 1932 1558 1981 utrum
1583 1945 1728 1990 auriga
1750 1945 1883 1990 Ipsum

213 2010 419 2055 significet
448 2010 691 2046 naturaliter
717 2020 768 2046 an
799 2010 849 2046 ad
879 2010 1084 2055 placitum.
1121 2010 1152 2044 si
1182 2010 1296 2055 large
1325 2010 1375 2045 ad
1406 2009 1598 2054 placitum
1629 2012 1775 2045 sumat.
1813 2019 1886 2054 pro

213 2075 322 2111 omni
346 2075 504 2111 scilicet
525 2076 632 2120 quod
658 2075 900 2111 naturaliter
921 2084 1002 2111 non
1033 2075 1249 2120 significat.
1272 2075 1445 2111 dicimus
1461 2075 1513 2111 ad
1545 2075 1737 2119 placitum
1766 2075 1888 2120 signi-

213 2141 352 2177 ficare.
406 2141 446 2176 Si
471 2150 571 2176 vero
597 2141 647 2177 ad
677 2141 869 2186 placitum
899 2141 1065 2186 proprie
1093 2140 1282 2185 accipiat,
1310 2150 1383 2186 pro
1412 2149 1462 2176 eo
1500 2140 1658 2175 scilicet
1686 2140 1794 2184 quod
1834 2149 1887 2175 ex

215 2205 381 2249 propria
410 2205 650 2241 inventione
679 2205 739 2240 sic
767 2205 1126 2241 accommodatum
1155 2206 1229 2240 est.
1259 2206 1300 2240 ut
1328 2214 1399 2248 per
1425 2214 1469 2239 sc
1497 2213 1661 2248 quoque
1685 2204 1885 2248 prolatum

215 2269 563 2314 significationem
595 2280 674 2306 non
706 2271 861 2314 perdat.
897 2270 1070 2306 dicimus
1099 2269 1286 2315 aurigam
1319 2279 1454 2314 neque
1483 2269 1724 2305 naturaliter
1752 2278 1887 2313 neque

214 2335 264 2370 ad
306 2335 494 2379 placitum
533 2335 771 2379 significare
809 2337 1026 2372 rectorem.
1067 2336 1140 2371 secl
1181 2336 1231 2370 ad
1270 2337 1432 2379 tempus
1470 2344 1543 2379 per
1579 2334 1885 2370 adiunctionem

215 2399 388 2435 alicuius
415 2400 467 2435 ad
496 2401 602 2436 lianc
636 2401 983 2445 significationem
1015 2410 1086 2445 per
1115 2400 1428 2436 translationem
1458 2400 1664 2444 quandam
1695 2408 1790 2434 esse
1825 2409 1889 2434 ac-

217 2465 520 2501 commodatum
551 2475 628 2501 nec
655 2468 751 2501 tunc
782 2466 946 2511 proprie
976 2466 1014 2501 ln
1044 2466 1081 2501 vi
1111 2465 1303 2501 dictionis
1333 2475 1429 2501 esse
1463 2464 1762 2510 configuratam
1800 2473 1889 2499 ora-

163 2529 521 2575 2:5tionen1.<(111ia
568 2531 701 2566 reddit
728 2531 837 2567 aliud
867 2531 973 2566 intra
1001 2541 1122 2576 quam
1152 2533 1271 2566 extra
1294 2530 1545 2575 significans
1599 2529 1716 2565 l'nde
1743 2529 1777 2564 si
1799 2529 1889 2574 quis

171 2863 199 2886 {u

218 2593 255 2628 ci
277 2593 560 2630 definitionem
584 2595 684 2630 dare
701 2595 809 2632 velit.
831 2595 1059 2631 secundum
1082 2594 1427 2640 significationem
1452 2593 1742 2639 gubernatoris
1766 2593 1886 2629 etiam

220 2661 366 2703 potest.
394 2668 484 2694 cum
514 2659 706 2695 videlicet
734 2670 824 2696 eam
855 2670 929 2705 per
955 2670 1001 2696 se
1030 2670 1111 2695 non
1141 2660 1303 2696 habeat.

362 2723 483 2760 Nota
512 2726 660 2762 autem.
689 2725 796 2769 quod
826 2732 965 2765 scum>
993 2725 1049 2761 ait
1076 2725 1346 2760 Boethius:
1383 2723 1769 2768 aequivocationem
1800 2723 1887 2758 fieri

220 2799 300 2824 non
339 2789 469 2824 solum
509 2789 546 2824 in
586 2790 819 2825 nominibus
854 2792 893 2826 et
928 2790 1078 2826 verbis.
1118 2799 1258 2825 verum
1288 2789 1411 2825 etiam
1441 2789 1478 2824 in
1510 2787 1888 2832 praepositionibus

221 2857 260 2890 et
287 2854 648 2890 coniunctionibus
670 2856 921 2899 frequenter.
950 2856 1062 2900 large
1086 2854 1474 2898 aequivocationern
1499 2853 1659 2897 aceepit
1682 2862 1755 2897 pro
1778 2852 1890 2889 omni

363 2977 421 3008 T-b‘
449 2977 791 3016 aequivoeationem
822 2978 846 3008 sl
977 2978 1016 3008 12
1046 2976 1205 3017 vulgalia
1234 2976 1257 3007 A
1395 2977 1434 3006 19
1464 2976 1496 3006 vi
1526 2971 1639 3015 vocis]
1669 2975 1832 3006 univocis
1860 2975 1884 3006 ,l

365 3051 371 3071 ¹
404 3052 549 3083 izovtli.
579 3052 600 3083 Ι.
629 3062 667 3085 r..
698 3060 729 3091 p.
762 3051 880 3083 ltilil).

361 3112 375 3132 '-'
405 3111 551 3143 lioetli.
581 3110 601 3142 Ι.
630 3120 669 3146 e..
699 3120 731 3150 p.
764 3111 876 3142 161Ιὲ.
