2200 3387
523 218 553 251 2.
584 218 646 250 Dio
674 218 830 250 Glosscn
860 227 902 251 zu
931 218 1000 251 don
1031 218 1264 259 Kutcgorien.
1295 237 1337 240 —
1366 218 1416 252 1›‹·
1444 219 1636 261 oppoeitis.
1845 218 1908 253 271

236 324 344 359 quae
371 315 542 360 suscipit
571 315 763 351 habitum.
819 315 1002 351 llam'tus
1028 316 1154 351 mim.
1209 315 1317 352 Vere
1346 317 1504 353 liabens.
1535 318 1716 354 habitum
1743 328 1821 354 non
1853 321 1916 354 cst
1944 295 2109 386 '¹‚3·‘'.{⁸÷J)'’B

237 380 327 425 ipse
357 380 520 417 babitus
550 390 626 417 nec
655 381 814 417 liabens
845 381 1118 426 privationem
1149 385 1210 417 est
1245 382 1432 426 privatio.
1462 383 1556 427 quia
1592 384 1751 419 liabens
1781 383 1911 420 visum

238 454 318 482 non
348 449 412 482 cst
440 446 553 482 visus
582 449 621 482 et
649 446 837 482 similiter
864 446 915 482 de
943 446 1045 483 aliis,
1076 456 1152 482 ncc
1182 447 1340 482 liabens
1369 448 1614 483 caecitatem
1644 452 1707 484 cst
1729 449 1912 485 caecitas

236 515 277 549 et
305 512 493 548 similiter
519 511 570 547 de
598 511 701 547 aliis.
755 512 786 547 A
816 511 1012 556 partibus.
1066 511 1183 551 Quod
1212 515 1350 547 autem
1382 513 1540 548 liabens
1570 513 1702 548 visum
1742 524 1822 549 non
1862 514 1913 550 sit

199 578 352 613 ,svisus
394 578 456 613 vel
499 577 658 613 liabens
700 576 957 613 caecitatem.
1000 577 1130 612 idest
1171 577 1260 621 ipsc
1301 586 1465 614 caccus.
1505 587 1583 613 non
1627 578 1678 613 sit
1717 579 1912 616 caecitas

236 642 452 687 dupliciter
473 642 620 687 probat
642 642 718 678 sic:
748 641 860 677 visus
889 644 951 678 est
979 641 1155 680 habitus.
1184 642 1293 687 quod
1316 645 1380 678 est
1403 642 1473 677 ibi:
1503 643 1675 678 habitus
1701 645 1757 678 es!
1791 644 1914 684 visus,

234 707 306 744 sed
337 708 489 743 lmln’rae·
513 708 663 747 rixam.
684 707 722 743 id
745 710 809 743 est
831 716 1013 752 persona
1036 707 1195 743 liabens
1220 707 1363 745 visum.
1388 718 1471 743 mm
1495 710 1552 743 es!
1575 708 1756 750 habitus:
1785 718 1913 754 quare

236 782 317 809 non
347 775 411 809 est
440 773 562 808 visus.
616 772 696 808 Sed
725 772 821 817 quia
850 772 1117 817 breviloquus
1146 776 1221 811 est.
1251 782 1324 818 pro
1353 773 1639 818 assumptione
1677 776 1717 809 ct
1752 774 1914 810 conclu-

235 838 355 875 sione
385 838 499 884 ponit
527 847 649 874 unuin
679 837 1021 883 propositionem.
1051 847 1158 883 quac
1188 840 1404 883 utramque
1443 839 1635 875 ostendit.
1691 839 1765 875 [sbi
1804 840 1911 875 enim

186 913 217 937 iu
239 906 452 941 monstrat.
480 904 575 948 quia
604 903 762 939 liabens
790 903 924 938 visum
954 912 1034 939 non
1059 906 1120 939 est
1143 903 1269 941 visus.
1300 904 1464 940 habitus
1486 906 1673 946 <autem>
1702 907 1765 941 est
1788 905 1913 943 visus,

236 969 287 1005 de
317 978 397 1014 quo
426 969 591 1014 quidem
621 968 760 1004 babitu
791 970 947 1004 tantum
978 968 1207 1006 videbatur.
1247 969 1284 1005 in
1324 970 1471 1006 eodem
1511 970 1703 1008 ostendit.
1741 974 1781 1006 et
1818 971 1914 1016 quia

235 1043 317 1070 non
346 1037 409 1070 est
439 1033 614 1070 habitus.
643 1034 750 1078 quod
781 1034 1080 1070 assumendum
1109 1037 1210 1075 crat,
1245 1036 1286 1070 et
1313 1035 1409 1079 quia
1437 1044 1518 1071 non
1547 1038 1611 1072 cst
1640 1036 1765 1074 visus.
1804 1035 1912 1081 quod

234 1102 323 1138 erat
351 1099 693 1136 concludendum.
747 1098 942 1135 Similiter
975 1100 1348 1145 argumentandum
1384 1103 1448 1136 est
1481 1101 1532 1137 de
1571 1101 1722 1146 privari
1761 1104 1801 1137 et
1838 1101 1914 1146 pri-

234 1164 413 1200 vatione.
466 1163 656 1199 l’re'vatio
684 1162 811 1198 enim.
865 1162 1012 1199 Iterum
1044 1163 1191 1208 probat
1214 1163 1293 1199 alio
1321 1164 1456 1202 modo.
1479 1165 1588 1209 quod
1611 1174 1782 1201 caecum
1805 1173 1914 1201 esse.

184 1239 215 1262 15·
237 1229 275 1266 id
304 1232 367 1266 est
397 1237 579 1274 persona
606 1237 681 1264 ens
711 1237 849 1265 caeca.
885 1237 967 1264 non
1003 1231 1067 1264 est
1103 1228 1296 1266 caecitas.
1334 1229 1411 1265 11οο
1450 1230 1589 1266 modo:
1630 1230 1812 1266 caecitas
1853 1235 1915 1268 est

235 1294 423 1341 privatio.
452 1303 622 1330 caecum
652 1303 759 1330 esse.
789 1293 825 1329 id
856 1296 920 1329 est
948 1303 1129 1339 persona
1158 1303 1299 1333 caeca.
1337 1297 1401 1331 est
1428 1295 1592 1340 privari.
1622 1295 1659 1331 id
1689 1298 1753 1332 est
1781 1296 1915 1341 priva-

234 1360 388 1396 tionem
418 1359 591 1396 habens.
630 1368 758 1404 quare
787 1368 940 1395 caecus
978 1369 1061 1395 non
1101 1362 1165 1395 est
1203 1360 1398 1396 caecitas
1452 1360 1608 1406 Regula
1646 1361 1755 1397 talis:
1793 1371 1916 1407 quae-

234 1435 410 1471 cumque
438 1425 513 1460 sub
536 1424 714 1460 (liversis
737 1424 942 1469 oppositis
966 1425 1242 1463 continentur.
1266 1425 1356 1471 ipsa
1378 1426 1502 1462 etiam
1522 1436 1546 1462 a
1568 1436 1613 1462 se
1636 1430 1915 1463 removentur.

235 1490 340 1526 Nam
365 1490 436 1525 κί’.
491 1489 637 1525 lterum
653 1489 762 1533 quod
785 1497 939 1525 caecus
962 1491 1002 1525 et
1024 1489 1207 1525 caecitas
1230 1499 1312 1525 non
1336 1492 1431 1526 sunt
1453 1491 1600 1526 eadem
1624 1500 1704 1528 res.
1728 1491 1909 1528 ostendit
1937 1478 2075 1547 13⁰„th-

178 1564 212 1588 ευ
234 1555 274 1591 111
303 1554 456 1591 effectu
484 1553 808 1600 praedicationis
837 1554 1046 1590 nominum
1083 1564 1238 1592 eorum.
1276 1564 1326 1591 eo
1365 1555 1557 1592 videlicet
1595 1556 1705 1601 quod
1742 1557 1910 1593 nomina
1938 1527 2097 1570 ”⁸⁸⁴1A

232 1629 376 1657 eorum
399 1620 450 1656 de
474 1619 622 1657 eodem
645 1628 727 1655 non
750 1619 1057 1664 praedicantur.
1109 1619 1157 1656 Et
1178 1620 1239 1657 sic
1259 1621 1411 1667 arguit:
1441 1620 1550 1658 Vere
1571 1631 1653 1658 non
1677 1624 1772 1658 sunt
1792 1622 1912 1659 idem.

233 1685 275 1722 Si
301 1685 471 1722 nomina
500 1694 656 1727 eorum,
694 1693 847 1721 caecus
876 1684 1035 1721 scilicet
1062 1687 1103 1722 et
1130 1686 1326 1724 caecitas.
1364 1696 1447 1723 non
1484 1690 1580 1723 sunt
1616 1688 1912 1733 praedicabilia

232 1752 283 1788 de
297 1751 457 1789 eodem.
474 1760 557 1786 non
581 1752 676 1786 sunt
692 1750 812 1786 idem.
865 1750 926 1787 Ab
949 1750 1112 1787 effectu.
1159 1751 1239 1788 Sed
1264 1761 1345 1787 non
1363 1752 1658 1797 praedicantur
1679 1754 1729 1789 dc
1753 1753 1912 1793 eodem,

233 1825 361 1862 quare
391 1826 472 1852 non
502 1818 597 1851 sunt
624 1815 744 1851 idem.
797 1815 843 1851 Et
872 1825 970 1851 vere
999 1825 1100 1852 vera
1122 1819 1185 1853 est
1207 1817 1340 1862 prima
1361 1818 1672 1862 consequentia.
1696 1819 1790 1863 quia
1812 1828 1913 1855 vera

178 1895 211 1920 25
233 1884 296 1918 est
325 1881 414 1917 eius
449 1890 655 1917 conversa
694 1890 768 1926 pcr
802 1881 1127 1918 destructionem
1166 1882 1494 1927 consequentiae
1532 1885 1571 1919 et
1608 1884 1912 1934 antecedentis

233 1948 265 1983 A
294 1947 394 1992 pari.
447 1946 591 1987 Quam.
619 1946 777 1982 scilicet
805 1956 1065 1984 conversam.
1094 1947 1319 1992 praemittit
1342 1948 1500 1985 dicens:
1529 1948 1636 1985 Nam
1660 1950 1697 1985 si
1719 1952 1806 1987 otc..
1834 1949 1912 1986 hoc

232 2014 312 2047 est:
349 2011 385 2047 si
412 2020 480 2047 res
509 2010 625 2056 ipsae
655 2012 799 2047 essent
826 2010 1000 2047 eaedem
1036 2013 1249 2057 utraeque.
1278 2012 1317 2048 id
1346 2014 1408 2049 est
1435 2012 1604 2049 nomina
1631 2016 1912 2059 utrarumque.

232 2076 529 2122 praedicabilia
556 2079 701 2112 essent
729 2077 780 2113 de
809 2076 956 2113 eadem
980 2086 1036 2113 re.
1089 2077 1428 2123 Assumptionem
1459 2088 1570 2116 vero.
1599 2079 1706 2115 illam
1736 2080 1911 2116 scilicet:

233 2142 327 2181 ‚Sed
355 2151 436 2179 non
461 2141 757 2187 praedicantur
776 2141 826 2178 de
849 2141 1022 2179 eodem.
1045 2142 1180 2179 statim
1205 2143 1399 2189 supponit
1421 2144 1577 2183 dicens.
1605 2154 1654 2181 ac
1682 2145 1716 2181 si
1738 2145 1911 2182 diceret:

177 2224 212 2248 30
232 2207 313 2244 Sed
342 2208 509 2244 minime
539 2208 834 2253 praedicantur
861 2209 912 2244 de
950 2209 1110 2247 eodem.
1142 2209 1266 2246 immo
1294 2220 1441 2246 caecus
1474 2211 1634 2246 dieitur
1659 2213 1801 2253 homo,
1837 2211 1910 2248 sed

232 2272 340 2309 nullo
370 2273 492 2309 modo
521 2273 668 2309 dicitur
695 2274 891 2310 caecitas.
944 2273 1265 2311 Conclusionem
1294 2275 1524 2321 syllogismi
1553 2279 1683 2313 extra.
1712 2286 1820 2322 quae
1848 2281 1911 2314 est

233 2336 482 2373 huiusmodi:
511 2346 640 2382 quare
670 2346 750 2373 non
779 2341 873 2374 sunt
900 2337 1021 2374 idem.

375 2401 421 2437 Et
447 2402 616 2438 attende
645 2402 752 2447 quod
782 2403 859 2439 lioc
887 2403 978 2440 loco
1008 2404 1318 2441 Aristoteles
1347 2404 1576 2442 doctrinam
1604 2406 1701 2442 facit
1729 2407 1908 2443 omnium

232 2470 487 2512 sumptorum
517 2471 557 2503 et
585 2477 727 2504 eorum
751 2477 774 2504 a
791 2468 938 2513 quibus
961 2472 1126 2514 sumpta
1146 2472 1251 2508 sunt.
1274 2471 1502 2508 ostendens
1524 2471 1682 2508 scilicet
1704 2475 1909 2518 sumptum

177 2543 211 2567 ³5.
234 2532 479 2570 vocabulum
503 2542 599 2569 esse
621 2542 772 2569 nomen
795 2533 982 2572 subiecti.
1005 2544 1087 2570 non
1110 2534 1269 2572 formae
1292 2545 1413 2581 quam
1438 2537 1666 2582 participat.
1691 2537 1785 2574 illud
1809 2548 1908 2574 vero

231 2606 254 2633 a
284 2607 364 2642 quo
394 2600 600 2642 sumptum
629 2601 703 2636 est.
733 2608 883 2635 nomen
913 2609 1009 2636 esse
1038 2600 1207 2637 formae.

375 2662 456 2698 Sed
496 2663 770 2707 quaeritur.
811 2666 1020 2709 quomodo
1067 2665 1176 2702 dicat
1216 2667 1462 2704 caecitatem
1502 2668 1677 2704 formam
1718 2669 1908 2706 hominis.

232 2737 354 2773 quam
383 2728 572 2772 superius
600 2729 639 2764 in
670 2729 789 2765 oculo
818 2731 966 2775 posuit.
1005 2731 1073 2767 ubi
1101 2731 1294 2768 videlicet
1322 2732 1424 2768 dixit
1459 2733 1662 2769 visionem
1701 2737 1740 2769 ct
1777 2734 1908 2770 caeci-

233 2796 358 2829 tatem
387 2793 476 2829 11011
505 2793 614 2829 circa
642 2795 816 2830 oculum.
869 2795 930 2831 Ad
965 2797 1073 2840 quod
1110 2796 1410 2841 responderi
1448 2799 1595 2841 potest.
1632 2798 1740 2842 quod
1769 2798 1908 2843 aequi-

177 2869 212 2892 ⁴0
233 2867 338 2894 voce
365 2858 548 2894 caecitas
575 2861 615 2894 et
643 2868 812 2895 caecum
841 2859 951 2896 circa
980 2860 1143 2896 oculum
1181 2863 1220 2897 et
1249 2861 1359 2897 circa
1392 2862 1600 2898 bominem
1639 2863 1908 2908 accipiuntur.

233 2923 339 2959 sicut
366 2923 637 2968 grammatica
671 2924 734 2960 vel
769 2925 1093 2969 grammaticum.
1132 2926 1297 2970 quando
1337 2926 1447 2962 circa
1484 2936 1635 2972 corpus
1672 2932 1759 2963 (ου-
1797 2928 1907 2964 circa

380 3041 419 3071 ll)
447 3036 585 3082 autem]
615 3041 674 3080 qui
703 3040 731 3073 A

376 3104 384 3125 ¹
416 3105 564 3137 Boctli.
594 3105 616 3137 I.
642 3117 680 3141 c..
711 3115 743 3146 p.
773 3107 834 3139 271
869 3107 915 3139 A:
944 3107 1122 3147 ,Amplius
1151 3108 1264 3140 si...‘

305 3172 417 3199 lteitr.
441 3172 501 3199 xxi
552 3174 692 3206 (loyor.
715 3173 884 3201 :Uim-lurda
906 3174 1012 3208 philos:
1034 3174 1195 3202 Schriften.
1724 3171 1764 3201 15
