2200 3387
191 956 223 981 10

189 1281 221 1306 15

182 1934 216 1961 25

177 2589 212 2614 85

448 263 479 295 2.
507 262 574 296 Dio
601 261 758 296 Glossen
786 271 830 295 zu
858 262 927 295 den
956 262 1190 303 Kategorien.
1219 281 1262 285 —
1291 262 1343 294 De
1370 263 1567 303 speciebus
1594 266 1723 297 motus.
1857 263 1927 298 305

246 359 578 396 Arlstoteles¹
608 359 806 405 specialia
835 359 1002 396 vocavit
1029 359 1256 404 singularia
1284 359 1444 396 dicens:
1475 359 1622 400 ,Paene
1649 361 1757 398 enim
1780 362 1821 398 in
1843 371 1926 398 om-

247 424 368 460 nibus
396 424 546 461 talibus
568 434 726 469 genera
748 425 799 461 ad
821 424 975 470 aliquid
998 424 1198 460 dicuntur.
1251 424 1310 460 Nil
1331 428 1468 461 autem
1493 426 1636 462 horum
1660 436 1767 471 quae
1790 427 1926 473 singu-

246 489 350 525 laria
378 492 482 526 sunt·
513 492 586 526 etc.
640 490 779 526 Etiam
809 491 925 526 sorte.
978 489 1075 525 ideo
1103 489 1275 534 apponit
1303 490 1442 530 .l'orte·,
1470 491 1566 535 quia
1588 491 1627 527 in
1650 492 1826 528 veritate
1849 502 1925 528 nec

246 554 362 591 locus
390 555 496 591 ullus
524 555 758 592 contrarius
786 557 851 591 est
877 564 955 590 nec
983 557 1119 590 motus
1157 554 1202 590 iit
1229 554 1378 599 aliquis
1416 555 1455 590 in
1492 556 1742 592 eontrarium
1779 557 1925 595 locum.

246 620 315 665 qui
343 620 464 656 alicui
493 621 625 665 possit
653 630 748 656 esse
777 619 1022 656 contrarius.
1057 619 1130 654 sed
1169 619 1308 663 opinio
1344 621 1433 655 erat
1467 622 1508 655 et
1542 620 1657 656 locos
1692 622 1925 659 contrarios

245 694 342 721 esse
371 687 412 721 et
440 688 587 724 motus.
615 685 683 730 qui
713 685 751 721 in
787 694 837 721 eo
871 684 1031 723 fierent.
1066 693 1164 720 esse
1199 684 1432 720 contrarios
1466 687 1590 730 atque
1628 685 1722 722 ideo
1756 690 1926 732 propter

245 750 484 795 opinionem
514 752 699 787 notatam
726 750 961 795 appositum
991 751 1055 785 est
1083 748 1225 788 ,forte·.
1283 749 1328 785 L't
1359 750 1554 792 mutatio,
1588 751 1746 788 seilicet
1772 762 1853 797 qua
1880 753 1925 789 t'it

242 815 436 858 inferius,
465 816 502 852 id
532 818 596 851 est
622 815 807 852 inferiori
845 815 936 851 loco
973 815 1011 850 ei
1044 824 1155 860 qnae
1189 814 1236 850 fit
1273 815 1484 859 superius.
1537 815 1698 861 Quippe
1735 818 1926 862 superior

242 880 359 917 locus
387 883 428 917 et
456 881 638 919 inferior.
673 881 778 917 sicut
810 880 851 916 in
889 879 1214 920 Quantitate2
1250 880 1401 916 dictum
1437 883 1512 920 est,
1550 881 1799 918 videbantur
1831 892 1925 919 esse

243 946 453 983 contrarii.
507 946 686 991 Reliquo
723 956 831 982 vero.
890 944 1148 990 Supradictis
1185 945 1307 981 facile
1346 947 1410 981 est
1447 946 1667 993 assignare
1704 949 1924 990 contraria,

242 1012 316 1048 sed
345 1011 504 1057 reliquo
533 1011 672 1052 motui,
701 1011 752 1047 de
780 1020 954 1047 numero
983 1010 1141 1047 scilicet
1167 1012 1352 1047 motuum
1380 1012 1572 1056 superius
1599 1013 1919 1059 assignatorum,

243 1076 282 1113 id
312 1078 377 1113 est
403 1076 652 1117 alterationi,
680 1086 763 1113 non
792 1078 854 1112 est
881 1078 958 1112 etc.
1012 1076 1102 1112 Nisi
1130 1076 1226 1117 quis
1253 1077 1291 1112 ei
1321 1077 1362 1112 ιή
1393 1078 1480 1119 hoc,
1508 1077 1547 1113 id
1576 1079 1640 1114 est
1667 1078 1761 1115 huic
1783 1079 1920 1121 motui,

241 1144 437 1187 opponat
465 1142 646 1188 quietem
684 1142 916 1178 seeundum
947 1142 1216 1184 qualitatem,
1251 1144 1326 1178 aa!
1366 1145 1527 1179 molum
1569 1143 1611 1179 ιή
1648 1145 1918 1181 contrariam

240 1206 504 1250 qualitatem.
559 1206 626 1242 Es!
654 1207 781 1243 enim.
833 1205 1108 1242 Commendat
1144 1206 1465 1244 similitudinem.
1502 1217 1625 1252 quam
1665 1208 1826 1244 induxit
1866 1209 1917 1245 de

241 1271 470 1308 mutatione
498 1272 724 1308 seeundum
753 1272 885 1308 locum
914 1271 966 1308 ad
995 1271 1298 1308 alterationem.
1327 1281 1457 1316 quare
1491 1272 1686 1309 videlicet
1719 1274 1920 1315 videatur.

240 1339 283 1373 ut
299 1337 645 1382 quemadmodum
662 1337 834 1373 mutatio
851 1337 1080 1373 secundum
1095 1337 1230 1373 locum
1247 1337 1374 1373 habet
1387 1327 1638 1374 eontrarium
1656 1339 1721 1375 vel
1738 1339 1919 1385 quietem

240 1402 469 1438 seeundum
491 1402 626 1438 locum
643 1402 709 1439 vel
724 1403 992 1438 mutationem
1015 1402 1056 1438 in
1078 1402 1330 1438 contrarium
1352 1403 1499 1443 locum,
1515 1404 1571 1440 ita
1589 1404 1713 1440 etiam
1729 1404 1921 1441 videatur

239 1467 291 1503 de
318 1467 577 1506 alteratione.
606 1468 715 1513 quod
744 1468 897 1504 habeat
919 1468 1219 1509 <contrarium>
1242 1468 1307 1504 vel
1331 1468 1512 1513 quietem
1535 1470 1764 1506 secundum
1795 1470 1922 1515 quali-

238 1534 364 1568 tatem
392 1533 483 1574 <vel
510 1535 665 1569 motum
693 1533 733 1569 in
767 1533 1018 1569 contrariam
1045 1533 1324 1578 qualitatem,
1360 1533 1457 1578 quia
1490 1534 1685 1571 videlieet
1725 1536 1917 1572 alteratio

239 1599 304 1634 est
331 1598 502 1635 mutatio
531 1598 759 1635 seeundum
788 1598 1039 1643 qualitatem.
1092 1598 1127 1634 A
1154 1608 1294 1635 eausa.

382 1663 667 1709 Quapropter,
683 1664 1019 1709 quandoquidem
1035 1664 1114 1700 iste
1136 1665 1273 1700 motus
1296 1665 1524 1701 secundum
1547 1666 1789 1711 qualitatem
1811 1667 1917 1704 sicut

237 1729 304 1765 ille
332 1729 561 1766 secundum
594 1729 741 1766 locum.
793 1729 900 1776 Ergo
934 1729 1028 1766 huic
1062 1730 1189 1766 motui
1223 1730 1451 1767 secundum
1486 1731 1727 1776 qualitatem
1763 1732 1916 1778 aliquid

237 1794 411 1830 istorum
430 1794 638 1831 videbitur
659 1794 913 1831 contrarium
941 1794 1047 1831 siout
1074 1796 1115 1831 et
1141 1795 1197 1831 illi
1225 1795 1379 1840 aliquid
1406 1796 1578 1832 illorum.
1630 1797 1664 1833 A
1686 1797 1818 1834 simili.
1870 1798 1917 1835 Ut

237 1859 381 1896 album
410 1860 514 1896 sieri.
564 1859 808 1906 Exemplum
837 1861 901 1896 est
928 1860 980 1897 de
1005 1860 1158 1902 ultimo,
1189 1861 1230 1897 id
1258 1863 1322 1897 est
1355 1861 1406 1898 de
1440 1864 1552 1898 motu
1585 1862 1626 1898 in
1663 1863 1914 1899 contrariam

239 1925 491 1970 qualitatem.
548 1925 770 1962 Alteratur
807 1926 933 1961 enim.
998 1925 1314 1963 Commendatio
1356 1927 1538 1973 exempli
1577 1937 1602 1964 a
1642 1937 1782 1967 causa.
1819 1929 1916 1974 quia

236 1990 442 2031 videlicet,
471 2000 562 2027 cum
590 1990 743 2036 aliquid
772 1991 825 2026 sit
851 1991 989 2027 album
1023 1994 1064 2027 et
1097 1994 1245 2037 postea
1281 1992 1332 2028 sit
1372 1992 1544 2038 nigrum,
1585 1993 1786 2030 alteratur
1823 1994 1915 2040 ipsa

234 2064 303 2091 res
336 2055 563 2091 mutatione
599 2055 709 2091 faeta
736 2055 957 2101 qualitatis.
995 2056 1034 2092 id
1072 2058 1136 2092 est
1174 2056 1435 2099 alteratione,
1476 2067 1584 2103 quae
1619 2058 1670 2094 ad
1705 2059 1915 2095 contraria

234 2120 376 2161 tendit,
403 2120 443 2156 id
471 2122 536 2156 est
562 2120 614 2157 ad
641 2121 778 2157 album
808 2123 848 2157 et
875 2121 1047 2167 nigrum.

378 2185 501 2222 Nota
539 2186 649 2230 quod
690 2186 729 2222 in
767 2186 944 2222 veritate
981 2186 1098 2231 quies
1138 2187 1365 2224 seeundum
1408 2188 1650 2233 qualitatem
1691 2189 1914 2235 opponitur

235 2250 363 2285 motui
385 2250 613 2286 secundum
629 2251 882 2296 qualitatem.
911 2251 949 2287 id
979 2254 1042 2288 est
1064 2252 1311 2292 alterationi.
1337 2262 1419 2289 non
1442 2255 1578 2290 motus
1600 2254 1640 2290 in
1662 2255 1912 2291 contrariam

235 2314 486 2359 qualitatem.
515 2317 556 2351 et
582 2317 679 2351 tunc
707 2316 871 2361 quidem
901 2316 1091 2353 alteratio
1120 2326 1286 2362 quoque
1320 2318 1571 2363 simpliciter,
1605 2319 1739 2365 ipsum
1767 2329 1912 2365 genus,

235 2380 405 2416 habebit
425 2380 675 2416 contrarium
698 2381 931 2426 oppositum
958 2391 1103 2427 genus.
1133 2382 1291 2419 scilicet
1318 2383 1500 2428 quietem
1529 2384 1758 2421 secundum
1787 2385 1913 2430 quali-

234 2447 373 2481 tatem.
426 2444 628 2481 Yidentur
655 2448 794 2482 tamen
829 2447 967 2482 album
1002 2447 1094 2483 fieri
1128 2450 1169 2484 et
1208 2448 1369 2494 nigrum
1401 2449 1493 2485 fieri
1525 2451 1661 2486 motus
1701 2450 1779 2495 ipsi
1813 2460 1910 2489 esse

233 2510 441 2549 contrarii.
470 2510 575 2546 sicut
595 2511 818 2556 passiones
840 2513 1072 2549 contrarias
1106 2512 1205 2549 dicit
1233 2514 1540 2550 Aristoteles
1567 2514 1752 2551 calefieri
1779 2518 1820 2551 et
1846 2515 1912 2552 fri-

233 2575 370 2621 gidum
398 2575 501 2611 fieri.

375 2639 609 2685 Expliciunt
636 2640 813 2678 Glossae
835 2641 1017 2688 Magistri
1046 2643 1153 2680 Petri
1173 2644 1397 2680 Abaelardi
1419 2654 1546 2690 super
1567 2645 1909 2682 Praedieamenta

232 2705 478 2742 Aristotelis.

377 2816 417 2848 10
446 2816 573 2849 relicta
604 2817 629 2847 Α

376 2886 385 2908 ¹
415 2886 570 2920 Boeth.
600 2887 621 2920 l.
650 2897 689 2925 c.‚
718 2897 751 2928 p.
781 2888 847 2920 259
864 2888 901 2920 C.
1023 2887 1037 2909 ²
1065 2888 1116 2921 Gr.
1145 2898 1266 2930 supra
1296 2898 1328 2929 p.
1360 2889 1477 2921 19541'.

1953 911 2089 948 Boeth.

1952 970 1989 1003 p.
2004 960 2074 995 292³.
2088 961 2119 996 B

1944 1570 2085 1608 Boeth-

1943 1628 1979 1662 ι).
1998 1618 2109 1655 293Α
