2200 3387
169 2063 300 2098 Boeth.

146 2122 180 2154 p.
194 2111 301 2145 25:312

327 240 369 274 72
734 242 840 274 Peter
867 243 1070 275 Abaelards
1099 243 1230 284 Logieu
1259 243 1582 283 ,Ingredientibus‘.

327 338 427 373 dixit
454 338 665 382 complent
697 339 917 374 ralitmem.
964 339 1063 375 Nam
1096 339 1185 384 ipsa
1217 339 1468 374 definitionis
1489 339 1732 383 compositio
1755 341 1982 376 naturalem

328 402 386 437 rei
415 403 600 438 ordinem
634 402 824 438 imitatur.
886 403 984 439 Nam
1023 404 1111 448 ipsa
1146 403 1354 449 generalis
1390 403 1566 438 nominis
1604 404 1836 440 substantia
1872 406 1984 440 natu-

326 467 467 502 raliter
503 467 620 511 quasi
661 467 833 503 materia
875 468 1118 512 praeiacens
1157 469 1352 512 suscepta
1380 467 1614 503 differentia
1646 468 1686 503 in
1714 477 1801 504 rem
1828 469 1984 513 speciei

326 530 482 566 transit.
536 530 653 566 l'nde
682 540 749 566 res
777 532 941 576 speciei.
970 542 1059 567 cum
1084 532 1121 566 in
1145 531 1316 567 materia
1336 531 1576 566 naturaliter
1597 531 1775 576 incipiat,
1804 532 1983 568 nondum

327 597 390 630 est
417 595 621 640 completa
656 595 733 631 nisi
761 596 957 640 qualitate
994 596 1268 641 superposita.
1321 596 1437 631 Unde
1475 597 1515 631 et
1547 596 1744 634 definitio,
1782 606 1888 641 quae
1923 597 1983 633 rei

325 660 547 704 specialem
576 661 908 696 constitutionem
938 661 1128 698 ostendit.
1167 662 1272 697 bene
1301 670 1324 696 a
1350 670 1507 705 genere
1534 660 1684 705 incipit.
1714 661 1822 705 quod
1857 663 1983 698 mate-

326 724 425 760 riam
454 723 671 769 significat.
699 728 739 761 et
767 725 1001 761 differentia
1029 726 1266 770 completur.
1300 726 1337 761 id
1374 727 1437 761 est
1463 725 1685 770 perficitur,
1722 735 1829 770 quae
1861 727 1985 771 quali-

327 791 450 825 tatem
480 789 681 835 designat.
735 790 829 825 Esse
855 793 1009 825 autem.
1062 790 1251 826 Ostendit
1279 800 1414 835 neque
1443 800 1574 835 genus
1608 791 1840 835 comparari
1875 791 1985 827 circa

326 853 520 897 speciem.
549 853 586 889 id
615 856 678 889 est
705 854 929 889 convenire
957 854 995 889 ei
1022 864 1111 890 cuin
1142 854 1271 899 inagis
1294 856 1334 890 ct
1362 854 1506 895 minus,
1534 863 1669 899 neque
1697 854 1984 896 differentiam,

327 918 421 962 quia
448 919 599 953 nullum
628 919 899 954 substantiale
928 919 1048 954 alicui
1077 920 1340 963 comparatur
1366 919 1475 955 circa
1511 919 1644 963 ipsum
1672 929 1762 955 cum
1790 920 1888 955 toto.
1937 919 1985 955 Et

327 983 404 1018 hoc
441 986 520 1018 est:
557 994 640 1018 esse
681 984 920 1028 emicue'qeee,
956 984 995 1019 id
1033 984 1229 1028 estquod
1258 984 1529 1020 substantiale
1557 984 1811 1029 cuicumque,
1850 994 1984 1020 nusum

326 1050 362 1083 et
392 1048 498 1083 idem
529 1058 625 1083 esse
654 1048 858 1087 convenit,
888 1049 964 1084 1100
992 1050 1055 1084 est
1079 1049 1310 1093 aequaliter
1331 1049 1563 1093 praedicari
1585 1049 1635 1084 de
1658 1049 1804 1093 quibus
1827 1048 1985 1089 dicitur,

329 1122 460 1157 neque
490 1113 764 1148 intenlitmem
796 1115 871 1148 etc.

468 1182 762 1218 Substantialia
789 1185 927 1219 autem
960 1183 1049 1219 aliis
1082 1184 1150 1219 illa
1178 1184 1379 1219 vocabala
1418 1184 1599 1224 dicimus,
1634 1193 1740 1228 quac
1778 1184 1986 1219 sententia

327 1257 402 1283 sua
428 1248 467 1283 in
496 1247 584 1283 aliis
611 1248 665 1283 ita
692 1248 964 1287 includuntur,
992 1250 1035 1283 ut
1062 1258 1190 1284 causa
1217 1248 1491 1292 impositionis
1520 1258 1662 1284 eorum
1697 1248 1786 1283 sine
1820 1257 1985 1293 corrup—

326 1312 437 1346 tione
460 1321 595 1347 rerum
619 1311 895 1347 subiectarum
917 1312 1107 1356 deperire
1136 1322 1218 1347 non
1248 1312 1390 1356 possit,
1425 1313 1467 1347 ut
1494 1314 1557 1348 est
1582 1312 1744 1353 animal,
1771 1312 1985 1353 rationale,

327 1376 460 1411 homo.
513 1376 589 1416 Qui
612 1377 719 1412 enim
742 1377 807 1412 vel
835 1376 987 1412 animal
1015 1386 1108 1412 esse
1136 1377 1287 1413 desinit
1314 1377 1379 1412 vel
1407 1376 1621 1412 rationalis
1643 1377 1708 1413 vel
1736 1377 1869 1418 homo,
1896 1386 1987 1422 pro-

326 1438 433 1474 fecto
462 1440 745 1484 corrumpitur.
779 1441 874 1475 dum
911 1440 1183 1476 substantiam
1218 1440 1437 1486 egreditur.
1488 1441 1690 1484 Aquilam
1721 1442 1864 1476 (tutem,
1891 1450 1987 1483 esse,

326 1504 403 1538 1100
433 1505 510 1538 est:
546 1503 650 1539 haec
684 1504 861 1541 nomina,
895 1504 1075 1548 aquilum
1104 1505 1191 1543 etc,
1230 1504 1282 1540 ad
1316 1503 1670 1548 comparationem
1708 1503 1889 1539 veniunt.
1940 1503 1988 1539 Et

327 1570 459 1609 nota,
487 1568 596 1612 quod
624 1570 794 1613 propter
820 1569 1047 1604 coloratum
1075 1569 1270 1613 quidam
1308 1569 1446 1604 dicunt
1482 1569 1631 1613 aliquo
1660 1569 1787 1604 modo
1821 1568 1985 1614 apponi,

327 1633 423 1677 quia
450 1633 617 1673 scilicet,
647 1634 811 1677 quando
839 1633 985 1669 dicitur
1012 1643 1105 1669 esse
1134 1633 1356 1669 coloratior
1382 1633 1461 1673 illo,
1495 1633 1547 1669 ad
1583 1633 1807 1678 specialem
1834 1633 1986 1678 signifi-

327 1697 531 1733 cationem
559 1697 733 1733 transire
762 1698 923 1734 videtur
959 1699 1197 1739 coloratum⁷
1234 1708 1283 1734 ac
1320 1699 1353 1734 si
1390 1698 1564 1734 dicatur:
1600 1698 1874 1734 rubicundior.
1926 1697 1987 1733 Nil

327 1764 466 1798 tamen
503 1763 632 1800 obest.
667 1763 701 1798 si
741 1763 968 1799 coloratum
1009 1763 1133 1799 etiam
1172 1764 1286 1809 large
1326 1764 1543 1808 acceptum
1580 1764 1852 1808 comparatur.
1904 1762 1986 1799 Sed

327 1827 422 1872 quia
449 1828 651 1863 vocabula
687 1828 851 1864 dicebat
886 1829 1043 1864 intendi
1078 1829 1145 1865 vel
1182 1829 1334 1865 remitti
1370 1838 1447 1865 nec
1480 1829 1643 1873 quidem
1680 1828 1857 1873 proprie,
1895 1838 1985 1864 cum

327 1902 468 1928 eorum
497 1893 680 1929 essentia
714 1902 849 1938 neque
876 1894 1144 1930 ascendendo
1171 1894 1407 1930 intendatur
1436 1902 1571 1938 neque
1602 1893 1898 1929 descendendo
1925 1902 2013 1928 re-‘

327 1957 519 1993 mittatur.
555 1957 737 1993 additum
771 1958 918 2002 ,aliquo
954 1958 1100 1995 modo:
1136 1958 1361 1995 secundum
1399 1958 1593 1994 videlicet
1629 1958 1985 2003 significationem,

329 2032 434 2066 quae
462 2022 626 2067 proprie
655 2032 708 2058 ex
735 2023 964 2067 quantitate
993 2033 1068 2059 sua
1095 2022 1169 2069 [in]
1198 2023 1330 2059 minor
1356 2023 1422 2059 vel
1451 2023 1582 2059 maior
1609 2024 1682 2058 est.

470 2093 571 2128 Cum
605 2093 745 2136 initur.
798 2092 901 2133 Quia
928 2094 980 2129 ad
1008 2093 1281 2129 differentiam
1311 2093 1626 2129 substantialem
1658 2093 1736 2128 iam
1772 2093 1896 2133 venit,
1934 2092 1985 2128 de

327 2168 408 2202 qua
436 2159 593 2193 tantum
626 2157 877 2194 intendebat.
917 2159 1223 2203 praetermissis
1259 2159 1350 2194 aliis
1387 2158 1632 2194 differentiis
1669 2158 1758 2193 eius
1797 2159 1986 2193 naturam

328 2222 544 2268 diligenter
571 2223 733 2267 aperire
761 2223 922 2268 satagit.
974 2223 1091 2259 Unde
1117 2223 1349 2259 recollectis
1376 2223 1559 2259 breviter
1585 2222 1858 2268 suprapositis
1887 2222 1985 2258 divi-

328 2287 513 2323 sionibus
541 2287 800 2324 differentiae
828 2288 1025 2324 transfert
1052 2298 1097 2324 se
1119 2288 1314 2324 continuo
1337 2288 1387 2324 ad
1416 2288 1710 2324 substantiales
1732 2287 1854 2328 solas,
1883 2296 1986 2332 quas

327 2352 519 2388 videlicet
533 2352 702 2388 alterius
719 2353 930 2392 divisivas,
946 2353 1115 2389 alterius
1127 2353 1308 2389 ostendit
1323 2362 1419 2389 esse
1435 2352 1734 2388 constitutivas.
1764 2352 1830 2388 Sic
1844 2352 1984 2398 iunge:

328 2417 434 2452 Istae
474 2417 638 2462 species
678 2417 952 2453 differentiae:
993 2418 1234 2458 communis,
1274 2418 1451 2462 propria,
1490 2417 1620 2463 magis
1656 2417 1834 2462 propria,
1873 2417 1986 2462 prius

327 2481 616 2517 consideratae
637 2482 812 2517 fuerunt.
864 2482 989 2527 Igitur
1008 2485 1101 2518 tres.
1154 2483 1202 2518 Et
1222 2492 1317 2517 eccm
1339 2484 1421 2517 {res
1441 2482 1762 2517 considerentur
1781 2483 1817 2517 et
1843 2490 1986 2517 rursus

327 2555 419 2581 cum
444 2546 524 2581 leae
544 2546 712 2590 quidem
739 2546 964 2581 earundem
987 2546 1308 2581 differentiarum
1330 2546 1415 2581 sint
1435 2546 1697 2589 separabiles
1718 2546 1806 2585 etc.‚
1836 2554 1986 2580 rursus

327 2609 539 2645 sciendum
567 2611 639 2649 est,
668 2610 776 2654 quod
804 2619 951 2645 earum
982 2609 1319 2649 differentiarum,
1348 2620 1457 2654 quae
1473 2619 1554 2654 per
1570 2619 1612 2645 se
1631 2611 1742 2651 stent,
1762 2609 1869 2645 aliae
1891 2610 1987 2644 sunt

328 2673 530 2709 divisivae
557 2682 766 2718 generum,
803 2673 909 2709 aliae
943 2673 1235 2709 constitutivae
1264 2673 1508 2718 specierum.
1558 2672 1605 2708 Et
1640 2673 1719 2708 hoc
1755 2674 1834 2708 est:
1871 2672 1987 2707 aliae

326 2740 436 2780 sunl,
461 2738 689 2773 seeundum
721 2748 828 2782 (letas
855 2738 1089 2773 dividimus
1113 2748 1267 2781 ,qenera
1300 2738 1342 2773 ἱη
1368 2738 1535 2782 species,
1562 2738 1640 2773 hoc
1667 2739 1730 2773 est
1757 2746 1810 2772 ex
1838 2736 1985 2781 quibus

327 2803 611 2847 componimus
640 2802 902 2838 definitiones
937 2802 1169 2847 specierum
1202 2802 1359 2847 positas
1399 2802 1439 2837 in
1468 2802 1671 2838 divisione
1707 2801 1875 2847 generis
1911 2810 1984 2846 pro

471 2948 488 2978 2
505 2948 651 2978 notatur
669 2948 694 2977 Α
755 2948 773 2979 6
789 2947 883 2986 quod
905 2947 951 2984 ΑΞ
966 2946 1010 2978 (10
1024 2946 1054 2978 A
1111 2948 1149 2978 11
1168 2945 1290 2986 unum]
1308 2947 1437 2978 deinde
1454 2947 1482 2977 A
1537 2947 1577 2978 14
1594 2946 1809 2978 sententiam
1831 2953 1934 2977 suam
1955 2945 1983 2977 A

331 3005 371 3036 17
392 3003 515 3044 homo]
531 3005 635 3037 huius
651 3005 679 3037 A
735 3006 774 3037 19
791 3005 860 3037 hoc
874 3013 1005 3037 nomen
1022 3005 1216 3036 animalum
1231 3005 1259 3036 A
1313 3006 1356 3036 25
1372 3003 1534 3043 ascend]
1550 3004 1733 3036 descendo
1747 3003 1777 3035 A
1829 3003 1871 3035 26
1887 3003 1985 3035 addi-

328 3073 417 3114 tum]
445 3075 489 3106 ad
516 3075 624 3107 letum
647 3075 671 3107 Α
796 3075 838 3107 28
860 3073 983 3115 igitur]
1003 3051 1028 3116 (g
1053 3074 1202 3115 (genus)
1223 3075 1251 3106 A
1382 3075 1425 3107 29
1452 3075 1614 3107 intendat
1639 3074 1670 3106 A
1720 3072 1761 3114 pi
1784 3077 1794 3105 i
1814 3074 1877 3106 issi
1904 3070 1922 3106 s
1941 3073 1983 3106 A.

2009 927 2038 951 10

2008 1261 2039 1286 15

2006 1577 2040 1602 20

2004 2227 2039 2252 30

2005 2553 2039 2578 35
