2200 3387
184 941 319 975 Boetli.

161 999 196 1031 p.
209 987 279 1021 ‘21⁴5
293 988 319 1021 ,t

199 2353 332 2388 Boeth.

197 2413 229 2444 p.
242 2401 354 2435 *2161ss

342 275 410 307 ‘lou
745 274 849 305 l'etcr
875 273 1077 305 Abaelards
1107 273 1239 313 llogica
1267 269 1589 312 ,lng1·e(lientibus‘.

345 381 424 407 non
454 371 598 407 dicitur
627 370 756 414 magis
784 378 977 417 numerus
998 369 1212 413 quinat-1⁶0.
1265 367 1401 411 Neque
1421 367 1546 402 enim.
1599 366 1706 402 Vere
1729 365 1998 402 substantiale

345 445 493 471 nomen
525 444 785 471 numerorum
816 443 897 470 non
932 436 1205 478 comparatur.
1244 433 1337 476 quia
1376 441 1511 475 neque
1548 433 1711 475 sumpta
1747 440 1770 466 a
1807 429 1999 465 numeris.

348 501 377 535 A
407 500 560 535 maiori.
615 499 742 543 Magis
771 499 879 535 enim
909 499 959 535 de
987 498 1160 543 sumptis
1189 497 1399 532 videretur
1427 506 1546 540 quam
1577 497 1626 532 de
1649 495 2001 531 substantialibus.

349 565 404 600 De
434 565 608 608 sumptis
635 567 773 600 autem
809 564 988 599 ostendit
1023 573 1095 607 per
1132 563 1243 598 ,triam
1284 562 1391 606 quod
1433 564 1638 604 sumptum
1667 562 1730 595 est
1757 570 1781 596 a
1808 559 2002 597 ternario.

347 694 383 729 id
413 698 476 729 est
503 695 541 729 in
571 694 805 729 nominibus
834 693 1190 738 suprapositarum
1219 676 1503 735 quantitatum.
1531 689 1662 734 magis
1685 691 1726 725 et
1753 689 1886 724 minus
1914 697 2004 733 pro-

346 760 482 795 ferunt
520 759 558 794 in
600 759 890 803 comparando.
945 758 1084 799 Quare
1123 757 1353 801 qaemtelims.
1413 755 1754 799 Quandoquidem
1796 753 2004 798 quantitas

348 833 482 869 neque
511 824 549 858 in
573 824 633 859 liis
657 833 790 867 neque
814 823 852 858 in
875 823 951 858 illis
974 822 1206 857 nominibus
1223 821 1308 856 suis
1324 821 1596 864 comparaturv
1619 828 1718 864 ergo
1741 828 1821 854 non
1844 827 2005 863 compa-

348 891 461 924 ratur
488 889 526 923 in
555 889 640 923 suis
670 887 914 923 nominibus
967 887 1000 921 A
1028 887 1221 931 partibus

491 953 670 996 Propria
679 962 715 987 m
731 954 884 987 aurem.
914 952 1024 987 Duas
1041 950 1356 987 communitates
1369 949 1664 994 quantitatibus
1676 947 1915 993 assignavit.
1932 947 2007 983 sci-

349 1019 443 1053 licet
466 1027 546 1053 non
569 1017 782 1061 suscipere
796 1017 1131 1052 contrarietatem
1146 1016 1209 1050 vel
1233 1014 1598 1059 comparationem.
1621 1022 1793 1058 quarum
1809 1013 1920 1048 nulla
1935 1011 2007 1047 fuit

350 1082 513 1127 proprie
543 1082 761 1127 proprium.
797 1081 891 1125 quia
925 1081 1082 1116 scilicet
1118 1090 1199 1115 non
1238 1079 1545 1115 conveniebant
1585 1078 1695 1113 solis.
1747 1077 1865 1113 Unde
1900 1086 2008 1112 nunc

349 1147 514 1183 tandem
544 1147 714 1192 apponit
742 1156 832 1182 eam
861 1155 967 1190 quae
996 1145 1160 1189 porprie
1202 1144 1408 1188 proprium
1448 1145 1522 1180 est.
1561 1152 1635 1187 per
1669 1151 1789 1186 quam
1828 1141 2008 1177 maxime

351 1213 621 1256 quantitatem
649 1221 850 1256 queamus
879 1220 1148 1256 cognoscere.
1183 1218 1288 1253 quae
1319 1209 1480 1252 quidem
1518 1209 1597 1243 est:
1635 1207 1712 1242 dici
1740 1207 1916 1251 aequale
1943 1206 2008 1242 vel

350 1277 580 1322 inaequale.
632 1277 690 1312 Nil
714 1277 821 1312 enim
850 1276 1015 1320 proprie
1045 1275 1218 1318 aequale
1247 1274 1310 1309 vel
1340 1273 1558 1317 inaequale
1581 1273 1728 1307 dicitur
1748 1271 1826 1307 nisi
1853 1271 2010 1315 quanti-

352 1345 426 1378 tas.
479 1342 518 1377 Si
547 1342 654 1377 enim
684 1341 933 1386 quandoque
962 1340 1085 1376 etiam
1114 1339 1372 1375 substantiae
1401 1338 1464 1373 vel
1499 1338 1606 1373 aliae
1633 1346 1701 1372 res
1729 1336 1918 1372 dicantur
1944 1345 2012 1371 ae-

353 1407 497 1451 quales
526 1407 590 1442 vel
619 1406 873 1450 inaequales.
911 1405 1043 1450 gratia
1070 1404 1345 1448 quantitatum
1383 1403 1529 1438 dicitur
1565 1411 1700 1446 neque
1738 1410 1830 1436 cum
1867 1400 2012 1436 dicitur

353 1472 416 1507 liic
456 1472 576 1507 homo
616 1471 802 1515 aequalis
848 1470 912 1506 illi.
958 1470 1120 1505 videtur
1163 1469 1394 1512 aequalitas
1424 1467 1665 1512 praedicari.
1713 1467 1788 1501 sed
1824 1465 2011 1509 aequalis

354 1537 560 1581 quantitas
589 1537 696 1581 poni.
749 1536 925 1572 Maxime
953 1535 1118 1580 proprie
1147 1534 1254 1571 dicit.
1282 1534 1318 1569 id
1344 1535 1407 1569 est
1434 1533 1599 1578 proprie
1626 1532 1847 1577 proprium.
1894 1530 2011 1571 Quod

355 1604 491 1637 autem
519 1602 570 1637 sit
598 1602 761 1646 proprie
790 1601 995 1646 proprium
1031 1600 1179 1645 probat
1213 1609 1237 1635 a
1271 1598 1560 1642 descriptione,
1599 1597 1693 1642 quia
1727 1596 1885 1632 scilicet
1919 1605 2013 1631 con·
2033 1603 2049 1627 ι’

354 1667 466 1702 venit
494 1667 603 1702 omni
632 1666 847 1711 quantitati
876 1667 915 1701 et
946 1665 1033 1701 soli.
1086 1664 1201 1704 Quod
1227 1666 1364 1699 autem
1387 1663 1508 1703 omni,
1530 1663 1730 1698 habemus
1752 1661 1833 1696 hic:
1861 1661 2013 1704 Sinflu-

355 1732 442 1766 lum
472 1732 598 1767 enz'm.
651 1731 766 1770 Quod
796 1731 883 1766 soli.
921 1730 993 1765 ibi:
1036 1730 1080 1764 In
1110 1729 1389 1769 (·e{e1·i.s·m›r(›,
1425 1730 1467 1763 ut
1501 1736 1650 1772 corpus
1687 1725 2014 1770 quantitativum.

358 1797 402 1831 In
431 1797 574 1832 ceteris
603 1806 707 1831 vero.
760 1796 981 1840 Postquam
1010 1794 1191 1830 ostendit
1218 1793 1408 1829 omnibus
1437 1792 1674 1829 convenire,
1703 1791 1884 1827 ostendit
1905 1789 2014 1826 solis.

357 1861 446 1896 Non
479 1861 674 1900 multum,
701 1861 739 1896 id
767 1863 831 1896 est
859 1870 938 1895 non
968 1860 1144 1904 proprie.
1197 1859 1316 1894 Nam.
1369 1857 1557 1893 Ostendit
1591 1857 1631 1892 in
1665 1857 1794 1901 parte.
1829 1855 1938 1900 quod
1965 1864 2016 1891 ea

357 1936 462 1970 quae
491 1936 573 1962 non
602 1929 696 1961 sunt
723 1926 985 1970 quantitates.
1016 1935 1093 1960 non
1125 1924 1314 1960 dicuntur
1347 1923 1522 1967 aequale
1550 1922 1615 1958 vel
1653 1921 1881 1965 inaequale,
1921 1919 2016 1964 quia
2036 1929 2052 1952 2

357 1991 522 2027 affectio
545 1992 609 2026 vel
625 1991 785 2026 albedo.
838 1990 1012 2025 Affectio
1036 1999 1187 2024 nomen
1211 1992 1272 2024 est
1294 1988 1533 2032 qualitatum
1553 1987 1710 2031 primae
1739 1985 1892 2030 speciei
1921 1994 2017 2029 qua-

358 2056 494 2092 litatis.
529 2065 667 2091 earum
704 2055 860 2091 scilicet
895 2064 1001 2099 quae
1036 2064 1108 2098 per
1142 2053 1460 2098 applicationem
1498 2052 1678 2087 veniunt.
1732 2051 1882 2093 Quare,
1921 2049 2018 2094 quia

359 2120 514 2156 scilicet
541 2121 738 2156 convenit
764 2120 873 2155 omni
903 2122 942 2155 et
972 2119 1058 2154 soli.
1112 2119 1143 2153 A
1171 2118 1449 2162 descriptione
1478 2117 1641 2162 proprii.

1023 2279 1092 2317 De
1120 2277 1354 2317 relativis.

500 2368 564 2403 Ad
599 2368 769 2412 aliquid
806 2378 910 2402 nero.
975 2367 1065 2402 Post
1106 2366 1375 2410 quantitatem
1417 2365 1554 2400 statim
1595 2364 1645 2400 ad
1679 2364 1830 2408 aliquid
1870 2365 2020 2400 tractat

360 2434 495 2469 multis
525 2433 574 2468 de
597 2433 746 2468 causis.
775 2435 820 2467 tu
835 2442 869 2467 m
899 2432 994 2476 quia
1015 2431 1151 2476 posita
1172 2430 1402 2475 quantitate
1424 2429 1463 2464 in
1487 2429 1622 2473 aliquo
1646 2428 1777 2464 maius
1799 2429 1865 2464 vel
1885 2429 2020 2464 minus

363 2498 497 2533 statim
528 2508 579 2533 ex
609 2507 659 2532 ea
686 2497 894 2540 contingit.
924 2496 1030 2540 quod
1060 2496 1110 2531 ad
1139 2495 1380 2531 relationem
1417 2494 1604 2538 pertinet.
1641 2494 1791 2538 quippe
1828 2503 2019 2539 magnum

363 2565 404 2598 et
431 2572 599 2607 parvum
632 2562 805 2597 relativa
834 2564 937 2596 sunt.
976 2563 1068 2595 tum
1109 2560 1203 2604 quia
1240 2560 1277 2594 in
1317 2559 1546 2603 quantitate
1584 2558 1796 2594 relationis
1834 2560 2022 2594 naturam

363 2628 602 2671 frequenter
635 2627 804 2662 induxit.
843 2636 933 2661 cum
971 2626 1020 2661 de
1059 2634 1207 2670 magno
1246 2628 1286 2659 et
1323 2634 1450 2669 parvo
1489 2624 1728 2668 disputaret.
1762 2625 1861 2658 tum
1898 2623 2022 2659 etiam

364 2694 459 2728 ante
488 2692 725 2736 qualitatem
754 2692 803 2727 ad
825 2691 976 2735 aliquid
1000 2692 1157 2725 tractat.
1181 2690 1276 2733 quia
1298 2689 1427 2731 magis
1450 2688 1592 2723 simius
1615 2690 1678 2723 est
1699 2687 1844 2723 relatio
1867 2687 2023 2732 quanti-

364 2757 436 2792 tati
473 2766 592 2801 quam
629 2757 817 2800 qualitas.
870 2756 1087 2795 Quantitas
1122 2755 1271 2798 quippe
1310 2763 1444 2797 neque
1482 2753 1817 2788 contrarietatem
1855 2751 2024 2796 suscipit

367 2831 499 2865 neque
528 2822 892 2865 comparationem.
927 2820 1102 2864 qualitas
1132 2828 1230 2854 vero
1264 2819 1503 2862 frequenter
1539 2820 1768 2862 utrumque,
1792 2817 1927 2857 habet,
1963 2825 2025 2851 re-

366 2887 472 2921 latio.
501 2896 589 2921 cum
621 2886 830 2921 rarissime
860 2887 1169 2929 compararetur
1197 2884 1301 2918 sicut
1329 2892 1519 2927 magnum
1550 2885 1614 2917 est
1640 2891 1823 2926 parvum,
1858 2881 2023 2916 omnino

367 2952 660 2987 contrarietate
689 2953 813 2986 caret.
866 2950 1075 2994 Accipitur
1103 2948 1280 2984 (liversis
1309 2948 1440 2983 modis
1475 2948 1551 2982 hoc
1580 2956 1730 2982 nomen
1757 2946 1807 2981 ad
1836 2945 2023 2990 aliquid&

516 3069 556 3099 12
586 3066 671 3106 non]
696 3051 720 3097 ῗ
747 3067 772 3098 Α
900 3068 942 3098 26
972 3066 1210 3105 quantitatum
1240 3065 1265 3096 A

513 3137 519 3157 ¹
552 3138 714 3175 Abael.y
744 3138 896 3169 maleel.
926 3137 946 3168 Ι.
976 3146 1014 3173 (κ,
1044 3146 1076 3175 p.
1107 3136 1184 3167 2o1.

336 639 435 677 rcum
463 629 536 664 ait:
565 629 701 673 aliqua
730 629 804 664 tria
834 638 913 664 non
943 628 1019 664 dici
1056 628 1185 671 magis
1221 627 1295 662 tria
1333 635 1453 670 quam
1492 625 1571 660 alia
1608 625 1695 660 tria.
1747 624 1825 660 Nec
1852 625 1895 660 in
1926 624 2003 665 Itis,
2023 632 2038 653 ⁵

2031 953 2060 977 lo

2033 1280 2064 1305 15

2040 2376 2074 2399 :w

2042 2697 2077 2722 35
