2200 3387
192 1819 328 1855 Boeth.

147 1867 256 1911 p.‘.'5·2
266 1866 327 1903 CI)

352 240 420 277 240
767 242 874 276 Peter
898 241 1103 275 Abaelards
1129 240 1265 283 Logica
1292 240 1615 283 ,Ingredientibus‘.

352 341 465 376 litate
501 339 784 376 confunderet.
837 338 953 380 Quae
989 348 1090 375 vero
1124 338 1190 375 hic
1223 339 1383 377 desunt.
1417 338 1457 374 in
1490 338 1593 375 libro
1629 338 1698 383 qui
1732 337 2018 384 Metaphysica

353 405 596 443 inscribitur,
625 404 828 450 apposuit.
878 404 1076 440 Perfectis
1103 413 1293 448 namque,
1325 413 1407 439 non
1435 403 1762 449 ingredientibus
1788 403 1885 439 illud
1913 413 2016 449 opus

353 472 634 515 praeparatur.
685 469 754 505 Est
775 478 938 514 quoque
961 469 1042 505 alia
1063 478 1202 506 causa,
1230 470 1272 504 ut
1293 478 1370 504 nos
1391 469 1443 504 ad
1466 468 1746 513 exquirendas
1769 468 1871 504 alias
1893 468 2018 513 quali-

353 536 470 572 tates.
497 543 580 570 non
608 534 740 570 solum
768 534 949 579 priorum
977 534 1202 570 doctorum.
1231 533 1305 569 sed
1334 533 1455 568 etiam
1478 534 1711 569 nostrorum
1733 533 1886 577 aliquid
1905 532 2018 569 inve-

353 599 491 635 niendi
518 600 710 635 incitator
737 599 983 635 admitteret.
1036 597 1239 638 Quocirca
1261 598 1467 634 concludit
1489 607 1562 633 eas
1585 607 1692 642 quae
1712 597 1892 633 maxime
1912 597 2019 634 dice·
2039 604 2055 630 5

353 667 505 703 rentur.
540 674 643 709 quas
670 674 795 709 supra
822 663 970 708 posuit,
1007 663 1228 708 qualitates
1262 667 1381 698 esse.‘
1435 662 1672 706 Qualitates
1707 663 1862 707 itaque.
1915 661 2020 702 Quia

353 730 512 766 seilicet
539 730 693 765 faciunt
719 729 867 774 qualia.
920 729 954 764 A
982 728 1272 773 descriptione.
1323 728 1439 764 Hanc
1466 729 1605 764 autem
1632 727 1940 764 conclusionem
1967 726 2020 763 ad

354 794 656 831 distinctionem
677 794 882 840 supponit.
905 794 1000 838 quia
1018 793 1215 839 expedita
1231 793 1435 830 divisione
1457 793 1604 829 transit
1618 793 1670 829 ad
1686 791 2020 839 investigandum

354 860 562 905 proprium
599 859 837 905 qualitatum
878 861 918 895 et
953 860 1047 904 post
1086 859 1306 903 qualitates
1346 858 1484 894 statim
1524 858 1575 894 de
1615 858 1802 902 qualibus
1841 856 2022 894 adnectit

355 924 514 960 dicens:
542 925 680 969 qualia
713 934 806 960 esse
834 933 940 969 quae
968 923 1250 965 informantur,
1278 923 1341 965 <id
1369 925 1454 964 est>
1482 923 1682 964 dicuntur,
1710 922 1938 959 secundum
1964 921 2021 958 in·
2042 928 2075 954 10

353 988 644 1024 formationem
680 988 922 1033 qualitatum
960 987 1280 1029 denominative,
1319 987 1360 1023 in
1394 997 1474 1032 quo
1503 987 1667 1031 quidem
1704 985 2021 1022 communitates

355 1053 597 1098 qualitatum
624 1053 766 1098 incipit
793 1052 1059 1099 investigare,
1087 1052 1221 1089 donec
1258 1053 1310 1088 ad
1346 1052 1513 1097 proprie
1546 1051 1757 1097 proprium
1792 1050 2021 1096 perveniat,

354 1127 429 1163 per
455 1119 565 1163 quod
591 1118 772 1155 maxime
800 1120 949 1154 natura
977 1118 1219 1163 qualitatum
1247 1117 1468 1162 aperiatur.
1521 1117 1588 1153 Ait
1624 1117 1763 1161 itaque
1800 1115 2020 1161 qualitates

354 1183 585 1220 huiusmodi
613 1193 708 1220 esse
738 1183 846 1228 quod
867 1183 1093 1219 secundum
1113 1191 1186 1218 eas
1205 1183 1393 1219 subiecta
1415 1182 1603 1218 dicuntur
1624 1182 1762 1227 qualia
1783 1180 2021 1217 denomina—

355 1250 437 1286 tive
466 1250 517 1285 de
544 1249 779 1285 nominibus
807 1248 1084 1284 adiacentium
1112 1248 1364 1293 qualitatum,
1392 1249 1562 1292 propter
1583 1246 1843 1283 denotandas
1865 1245 2022 1281 scilicet
2042 1259 2075 1284 15

356 1315 576 1360 qualitates
604 1314 664 1350 eis
693 1314 944 1350 adiacentes.
995 1313 1206 1349 Similiter
1234 1312 1276 1348 in
1304 1312 1455 1348 ceteris
1484 1311 1731 1356 quibusdam
1759 1309 2023 1355 qualitatibus

356 1379 556 1426 contingit
592 1379 885 1420 denominatio,
929 1379 1039 1423 quod
1079 1378 1239 1414 duobus
1278 1377 1412 1413 modis
1452 1377 1644 1413 accidere
1683 1376 1899 1417 monstrat,
1937 1376 2022 1411 tum

356 1445 549 1481 videlicet
575 1445 684 1490 quod
710 1444 879 1480 nomina
906 1443 1144 1489 qualitatum
1175 1442 1372 1479 deficiunt
1400 1444 1440 1478 et
1472 1441 1735 1478 manentibus
1768 1442 1927 1477 tantum
1952 1449 2023 1476 no-

356 1511 532 1546 minibus
561 1509 851 1550 subiectorum,
878 1511 963 1545 tum
991 1508 1086 1553 quia
1114 1508 1388 1544 existentibus
1422 1507 1656 1543 nominibus
1684 1505 1926 1551 qualitatum
1952 1514 2023 1541 no-

356 1576 468 1612 mina
494 1578 633 1611 tamen
660 1574 939 1610 subiectorum
966 1583 1048 1609 non
1076 1574 1171 1609 sunt
1192 1583 1246 1609 ex
1268 1573 1328 1609 eis
1351 1571 1660 1609 denominative
1683 1572 1856 1616 sumpta.
1901 1569 2021 1606 Unde
2041 1582 2076 1609 20

356 1643 500 1687 aperte
529 1640 736 1677 convincit
768 1649 852 1675 non
886 1648 980 1675 esse
1017 1639 1183 1684 proprie
1222 1637 1433 1684 proprium
1469 1636 1679 1682 qualitatis
1714 1636 1871 1672 habere
1900 1634 2021 1680 quale

358 1706 677 1747 denominative,
693 1714 784 1741 cum
799 1704 994 1740 videlicet
1009 1704 1198 1740 omnibus
1214 1713 1297 1739 non
1313 1702 1546 1739 conveniat.
1587 1701 1634 1738 Et
1648 1701 1823 1746 primum
1844 1699 2023 1736 ostendit

357 1771 737 1808 denominationem
765 1769 945 1806 deficere
972 1770 1142 1814 propter
1168 1768 1379 1805 nominum
1408 1767 1613 1804 defectum
1641 1766 1893 1811 qualitatum.

503 1836 549 1872 Ut
575 1845 723 1872 cursor
749 1837 824 1870 aut
846 1834 1102 1880 pzzyillator,
1130 1834 1198 1879 qui
1226 1833 1285 1869 sic
1312 1833 1577 1869 nominantur
1610 1841 1663 1868 ex
1695 1830 1904 1876 potentiis,
1939 1839 2023 1866 non

357 1902 546 1938 dicuntur
572 1901 624 1937 ab
651 1901 711 1937 eis
740 1900 1059 1941 denominative,
1086 1909 1161 1944 pro
1190 1908 1239 1934 eo
1268 1898 1436 1939 scilicet,
1466 1897 1575 1942 quod
1602 1897 1704 1942 ipsis
1731 1895 1927 1941 potentiis
1955 1894 2023 1931 de·
2043 1907 2077 1933 25

357 1969 451 2003 sunt
478 1966 656 2003 nomina.
707 1965 806 2001 Nam
836 1964 1108 2010 pugillatoria,
1136 1965 1179 2000 ut
1204 1964 1295 2009 ipse
1317 1963 1384 2005 ait,
1410 1963 1570 1999 tantum
1594 1964 1795 2004 <nomen>
1822 1959 2023 1996 scientiae

356 2031 578 2078 pugnandi,
616 2041 640 2067 a
667 2040 748 2076 qua
775 2030 939 2075 quidem
976 2029 1149 2065 scientia
1184 2028 1397 2074 pugnandi
1433 2027 1594 2073 pugiles
1631 2026 1858 2062 secundum
1891 2025 2023 2060 artem

358 2096 665 2134 denominative
694 2095 876 2132 dicimus.
930 2094 1048 2134 Quod
1077 2094 1305 2130 secundum
1331 2093 1409 2128 hoc
1436 2092 1530 2128 ideo
1558 2091 1738 2127 fortasse
1763 2089 2022 2130 determinat,

357 2171 410 2198 ne
437 2161 693 2207 accipiantur
719 2162 880 2205 sumpta
907 2169 932 2196 a
965 2159 1161 2200 scientiis,
1198 2168 1222 2194 a
1259 2158 1406 2203 quibus
1433 2156 1595 2202 possint
1631 2154 1900 2196 denominari,
1928 2153 2024 2199 quia

357 2227 426 2264 illa
453 2227 622 2263 nomina
647 2235 731 2262 non
756 2225 921 2261 habent.
974 2224 1092 2265 Quod
1131 2223 1359 2269 potentiam
1394 2221 1625 2258 naturalem
1660 2222 1785 2257 vocat
1820 2220 1872 2256 ad
1909 2218 2023 2255 diffe-
2042 2230 2076 2257 30

358 2292 535 2329 rentiam
561 2291 774 2332 scientiae,
796 2300 919 2336 quam
939 2299 1014 2335 per
1041 2289 1364 2334 applicationem
1390 2287 1533 2323 venire
1562 2286 1680 2322 dicet.
1731 2285 1872 2326 Neque
1897 2283 2022 2320 em’m.

360 2357 497 2394 Causa
533 2358 607 2398 est,
644 2365 773 2401 quare
807 2355 887 2391 ista
923 2364 947 2391 a
982 2354 1179 2400 potentiis
1219 2352 1528 2390 denominative
1567 2361 1649 2387 non
1689 2351 1887 2391 dicantur,
1927 2348 2024 2394 quia

359 2423 516 2459 scilicet
542 2422 643 2467 ipsis
671 2420 977 2467 aptitudinibus.
1015 2419 1054 2455 id
1082 2421 1146 2455 est
1177 2418 1384 2464 potentiis.
1422 2427 1504 2453 non
1542 2417 1636 2453 sunt
1671 2415 1809 2461 posita
1842 2413 2022 2454 nomina,

359 2486 705 2533 quemadmodum
721 2488 816 2522 sunt
831 2485 965 2530 posita
984 2485 1025 2520 in
1048 2483 1284 2529 disciplinis.
1306 2483 1384 2518 hoc
1407 2484 1470 2518 est
1491 2482 1531 2517 in
1548 2480 1743 2517 scientiis.
1782 2479 2023 2516 Secundum

360 2561 478 2594 quas,
517 2550 674 2587 scilicet
707 2549 903 2585 scientias
940 2548 1104 2584 habitas
1143 2556 1226 2583 non
1264 2546 1508 2582 naturaliter
1543 2545 1647 2581 sicut
1684 2543 1907 2589 potentiae,
1948 2543 2023 2579 sed
2042 2554 2077 2580 35

358 2616 589 2653 secundum
627 2615 904 2656 affec-tionem,
938 2613 979 2649 id
1015 2614 1078 2649 est
1114 2621 1189 2657 per
1221 2611 1553 2657 applicationem,
1593 2610 1796 2646 dicuntur
1831 2607 2022 2644 homines

355 2681 654 2727 pupillatoresz
685 2680 725 2715 id
753 2682 817 2715 est
843 2678 1003 2725 pugiles
1038 2678 1101 2713 vel
1131 2676 1381 2721 palaestrici
1418 2685 1472 2711 ex
1505 2674 1681 2711 scientia
1713 2672 2022 2719 palaestriandi.

361 2746 520 2791 Quippe
548 2745 748 2782 scientiae
770 2744 938 2780 nomina
960 2742 1074 2789 [non]
1096 2743 1261 2783 habent,
1278 2750 1385 2786 quae
1407 2741 1557 2776 desunt
1577 2739 1784 2785 potentiis.
1834 2737 2023 2782 Pugilla-

360 2812 472 2861 2oria
495 2812 620 2847 enim.
671 2810 783 2846 Dixit
802 2809 971 2846 nomina
991 2808 1128 2854 posita
1149 2816 1242 2844 esse
1265 2806 1460 2847 scientiis,
1483 2805 1592 2850 quod
1613 2805 1761 2850 probat
1781 2813 1806 2840 a
1825 2802 2022 2849 partibus,

361 2877 457 2922 quia
476 2876 670 2913 videlicet
689 2876 769 2912 ista
790 2877 884 2911 sunt
904 2873 1114 2919 imposita:
1136 2871 1408 2918 pugillatoria.
1430 2870 1690 2916 palaestrica.
1732 2869 1886 2912 Quales
1911 2877 2020 2904 vero.
2040 2881 2076 2907 40

360 2943 395 2978 A
421 2942 616 2987 potentiis
652 2941 693 2977 hi
720 2940 788 2986 qui
825 2949 898 2976 eas
934 2940 1100 2975 habent.
1135 2947 1217 2974 non
1255 2937 1445 2973 dicuntur
1480 2934 1799 2972 denominative.
1844 2932 1922 2969 Vel
1947 2932 2024 2974 qui

505 3065 520 3096 1
544 3063 784 3096 confunderet
810 3061 937 3094 Boeth.
965 3059 1219 3093 ostenderetA
1319 3058 1337 3090 9
1367 3054 1550 3098 qualibus]
1573 3054 1777 3096 qualibetA
1854 3054 1896 3086 12
1911 3052 2023 3086 vesti·

361 3131 451 3164 gare
477 3122 506 3155 A
594 3122 637 3154 28
665 3119 784 3160 Quod]
811 3120 878 3157 Qui
904 3120 933 3152 A
1022 3120 1062 3151 31
1093 3116 1282 3156 scientiae]
1313 3116 1350 3153 4-
1380 3116 1489 3148 vocat
1514 3114 1555 3147 A.
