2200 3387
173 2764 309 2799 Boeth-

151 2823 183 2855 p.
201 2813 268 2846 195»
280 2812 311 2846 D

332 242 397 276 158
730 242 836 274 Peter
862 242 1067 275 Abaelards
1094 240 1230 284 Logica
1256 239 1580 283 ,Ingredientibus‘.

331 339 521 385 proponit
548 339 785 384 simpliciter
811 339 920 383 quod
954 348 1211 383 corporeum,
1239 347 1382 374 verum
1417 338 1540 374 etiam
1576 338 1833 374 substantiae
1870 332 1990 384 signi-

330 404 564 440 ficationem
586 404 756 439 includit
770 404 1011 440 tantundem
1028 404 1170 439 dicens
1192 405 1390 448 quantum
1412 402 1508 439 dicit
1527 403 1761 438 substantia
1775 412 1988 448 corporea.

330 469 442 505 Bene
470 478 569 513 ergo
597 470 637 504 et
665 469 808 513 ,quale‘
836 468 939 504 dixit
966 470 1135 513 propter
1167 468 1407 512 qualitatem
1441 469 1483 503 et
1520 467 1692 512 ,aliquid‘
1730 468 1900 512 propter
1929 476 1992 503 es-

329 533 488 569 sentiae
517 534 715 570 naturam.
743 532 840 576 quia
867 534 907 568 et
934 532 1185 568 intellectum
1213 531 1467 567 constituunt
1493 531 1704 567 secundae
1732 531 1991 568 substantiae

331 597 605 642 pertinentem
634 598 685 633 ad
714 598 864 633 statum
893 599 1049 633 certum
1084 596 1290 632 essentiae
1325 597 1366 632 et
1400 596 1677 641 pertinentem
1714 596 1766 632 ad
1801 595 1992 632 informa-
2012 606 2028 632 5

331 663 483 698 tionem
513 662 732 706 qualitatis.
783 661 923 706 Neque
949 662 1074 697 enine.
1126 661 1235 697 Vere
1258 661 1468 696 secundae
1491 661 1747 696 substantiae
1768 669 1851 696 non
1872 660 1994 706 signi-

330 727 455 763 ficant
481 736 568 763 rem
597 736 715 762 suam
742 728 785 762 ut
822 727 901 762 hoc
933 726 1097 771 aliquid,
1132 726 1228 770 quia
1260 735 1329 761 res
1365 734 1448 761 non
1485 725 1742 771 significatur
1776 725 1829 761 ab
1864 733 1916 760 ea
1950 725 1994 760 ut

330 792 408 827 1100
435 792 598 836 aliquid.
650 792 683 826 Α
710 791 799 836 pari
826 791 891 826 vel
920 791 1036 835 quasi
1063 800 1088 826 a
1115 790 1311 826 relativis.
1362 789 1409 825 Et
1435 790 1514 826 hoc
1536 790 1615 825 est:
1643 799 1775 833 neque
1800 789 1915 825 enim
1943 798 1993 826 eo

331 857 445 901 quod
469 857 698 891 summ-lum
729 858 797 895 est.
825 855 863 890 id
886 856 951 891 est
972 855 1224 891 nominatum
1248 864 1273 890 a
1293 855 1478 890 secunda
1499 854 1742 895 substantia,
1764 854 1993 890 subiectum

331 921 368 957 ei
396 924 437 956 ut
466 931 614 961 mmm,
641 922 681 956 et
708 929 760 955 ne
795 925 941 956 .unum⁴
983 919 1270 964 acciperemus
1310 929 1384 964 pro
1421 919 1687 955 convenienti
1726 919 1842 955 iuxta
1879 919 1992 955 illud:
2015 922 2048 947 10

332 987 481 1031 ,plures
508 985 697 1021 homines
725 990 855 1022 unus‘.
891 994 1017 1020 unum
1045 985 1136 1020 dico
1173 984 1537 1029 quemadmodum
1561 985 1707 1029 prima
1741 984 1994 1026 substantia,

332 1050 369 1084 id
398 1051 461 1084 est
488 1058 611 1084 unum
639 1048 925 1092 personaliter,
953 1047 1059 1083 sicut
1086 1049 1148 1083 est
1174 1048 1331 1092 primae
1359 1047 1629 1088 substantiae,
1656 1047 1697 1083 in
1718 1047 1915 1092 quantum
1942 1048 1994 1083 ab

330 1123 380 1149 ea
405 1113 669 1158 significatur.
723 1112 802 1148 Sed
831 1113 880 1147 (le
903 1112 1105 1156 pluribus
1126 1113 1253 1148 homo
1276 1112 1433 1148 dicitur
1452 1114 1488 1148 et
1507 1112 1688 1154 animal,
1710 1112 1818 1156 quod
1839 1111 1996 1148 scilicet

331 1188 411 1213 non
440 1179 565 1214 esset.
588 1177 622 1213 si
643 1186 729 1213 rem
752 1179 795 1212 ut
815 1177 1093 1222 personaliter
1111 1176 1372 1212 differentem
1392 1176 1685 1222 significarent.
1736 1177 1830 1212 Non
1851 1178 1995 1212 autem

329 1242 591 1286 simpliciter.
656 1240 792 1281 Quare
833 1240 935 1276 dixit
975 1241 1106 1285 ,quale
1146 1240 1309 1285 aliquid‘
1356 1242 1397 1276 et
1436 1249 1516 1275 non
1557 1239 1798 1285 simpliciter
1836 1239 1993 1284 ‚quale‘‚
2016 1251 2049 1275 15

331 1306 588 1344 determinat,
625 1306 721 1350 quia
747 1305 904 1342 scilicet
930 1315 1013 1341 non
1045 1306 1200 1341 tantum
1231 1305 1438 1350 qualitatis
1472 1304 1818 1350 significationem
1852 1305 1996 1340 tenent

331 1371 541 1407 secundae
569 1370 839 1409 substantiae,
872 1379 1016 1405 verum
1053 1369 1178 1405 etiam
1214 1370 1372 1404 certum
1409 1370 1590 1404 statum
1627 1368 1838 1404 secundae
1871 1367 1997 1404 eonti—

333 1438 441 1471 nent.
493 1436 544 1470 At
575 1444 675 1470 vero
712 1435 847 1470 album
885 1434 1010 1470 etiam
1047 1435 1263 1478 sumptum,
1300 1433 1395 1469 licet
1432 1433 1688 1469 substantias
1721 1433 1789 1469 vel
1819 1441 1997 1478 corpora

332 1502 488 1536 tantum
528 1500 724 1540 nominet,
769 1509 852 1534 non
889 1501 1028 1534 tamen
1068 1499 1134 1534 vel
1173 1499 1362 1534 naturam
1403 1498 1662 1534 substantiae
1701 1498 1767 1533 vel
1806 1498 1997 1534 naturam

332 1565 518 1609 corporis
546 1564 794 1600 determinat
820 1573 898 1599 nec
926 1563 1173 1599 determinat
1199 1563 1266 1598 vel
1299 1563 1436 1599 albam
1464 1563 1738 1599 substantiam
1764 1562 1833 1598 vel
1859 1563 1995 1598 album
2016 1572 2050 1598 20

333 1639 494 1674 corpus.
522 1628 559 1664 id
589 1631 653 1664 est
679 1628 745 1664 vel
773 1629 977 1672 sumptam
1004 1627 1071 1663 vel
1099 1626 1292 1662 affectam
1318 1626 1511 1662 albedine
1533 1627 1599 1662 vel
1626 1635 1776 1671 corpus
1802 1625 1996 1662 affectum

333 1692 535 1732 albedine,
568 1692 642 1727 sed
678 1691 918 1736 simpliciter
957 1691 1053 1726 dicit
1091 1690 1285 1726 affectum
1323 1690 1527 1731 albedine,
1554 1690 1737 1734 alioquin
1775 1699 1997 1734 numquam

333 1756 644 1800 compararetur
658 1763 735 1789 nec
750 1754 925 1789 formam
939 1753 1214 1798 praedicaret,
1231 1753 1306 1789 sed
1323 1752 1610 1789 substantiam.
1646 1753 1731 1788 Nec
1752 1752 1898 1788 dicitur
1911 1762 1998 1789 cor-

334 1829 409 1864 pus
423 1819 533 1855 aliud
549 1819 687 1854 album
703 1820 777 1854 etc,
824 1818 983 1854 Divisio
1000 1819 1112 1854 esset
1127 1827 1200 1863 per
1214 1817 1456 1854 accidentia.
1494 1817 1626 1853 Omne
1641 1817 1781 1862 itaque
1793 1818 1998 1862 sumptum

333 1884 644 1930 significationis
683 1884 747 1919 est
780 1885 977 1928 quantum
1014 1883 1065 1919 ad
1098 1884 1287 1919 naturam
1321 1882 1543 1918 essentiae.
1601 1882 1741 1918 Genus
1778 1884 1922 1918 autem
1960 1884 2052 1921 61:25

332 1950 487 1994 spec-ies
526 1950 613 1989 etc.,
652 1949 693 1984 id
732 1950 793 1984 est
838 1948 1089 1984 intellectum
1136 1948 1390 1983 constituunt
1434 1947 1737 1992 concipientem
1776 1947 1998 1993 imaginem

334 2014 544 2050 essentiae
567 2013 744 2049 affectae
766 2013 974 2057 qualitate.
1028 2013 1205 2055 Qualem
1228 2012 1353 2048 enim.
1405 2012 1439 2047 A
1459 2012 1560 2057 pari.
1605 2011 1695 2047 Non
1716 2013 1854 2048 tamen
1876 2021 1997 2048 omne

334 2089 465 2125 genus
493 2079 560 2114 vel
596 2078 760 2123 species
797 2078 875 2113 hoc
911 2078 1047 2118 habet,
1088 2077 1183 2121 quia
1221 2077 1475 2113 universalia
1513 2078 1747 2113 ceterorum
1786 2076 1998 2121 praedica-

334 2146 566 2180 mentorum
592 2143 747 2179 formas
775 2143 964 2178 volumus
993 2142 1271 2178 determinare
1294 2151 1371 2178 nec
1392 2141 1555 2186 species
1577 2151 1719 2178 eorum
1742 2141 1999 2177 differentias

335 2210 500 2245 habere.
553 2208 918 2244 Generalissimum
946 2217 1122 2252 quoque,
1157 2207 1265 2251 quod
1299 2209 1362 2243 est
1397 2206 1637 2247 substantia,
1674 2206 1826 2242 nullam
1864 2206 1997 2242 deter-
2017 2218 2051 2244 30

336 2274 463 2310 minat
490 2273 726 2318 qualitatem
744 2275 766 2308 ¹.
818 2273 917 2308 Plus
943 2274 1097 2308 autem.
1149 2272 1339 2308 Ostendit
1366 2272 1405 2307 in
1435 2281 1484 2307 eo
1519 2271 1743 2307 convenire
1775 2280 1934 2317 genera
1959 2273 2000 2307 et

337 2339 500 2383 species
528 2339 637 2383 quod
668 2337 906 2382 qualitatem
944 2337 1221 2373 determinant
1256 2337 1367 2373 circa
1403 2336 1688 2372 substantiam.
1739 2335 1860 2372 Modo
1892 2336 2001 2372 inter

337 2404 483 2439 eadem
512 2403 581 2439 dat
608 2402 895 2443 differentiam,
922 2402 1029 2438 hanc
1057 2402 1214 2438 scilicet
1240 2402 1349 2446 quod
1376 2401 1494 2446 plura
1513 2401 1779 2437 nominantur
1798 2410 1824 2436 a
1844 2409 1999 2446 genere

338 2477 459 2512 quam
487 2477 511 2503 a
539 2467 691 2512 specie.
743 2467 810 2503 Sic
837 2467 977 2512 iunge:
1017 2466 1059 2502 In
1092 2467 1170 2502 hoc
1203 2466 1466 2507 conveniunt,
1506 2466 1581 2502 sed
1617 2465 1657 2501 in
1694 2466 1773 2501 hoc
1806 2465 2000 2502 differunt

338 2533 445 2578 quod
474 2533 564 2577 plus
590 2532 635 2568 fit
662 2532 950 2567 determinatio
977 2532 1019 2567 in
1046 2541 1202 2577 genere
1231 2541 1353 2576 quam
1388 2531 1428 2566 in
1465 2531 1617 2575 specie,
1650 2531 1690 2566 id
1727 2532 1790 2566 est
1825 2530 2000 2575 amplior
2020 2541 2054 2567 35

338 2600 403 2633 est
422 2597 648 2633 nominatio
670 2596 835 2642 generis
856 2606 979 2640 quam
1006 2596 1173 2641 speciei,
1204 2596 1313 2641 quod
1344 2596 1525 2632 ostendit
1550 2596 1591 2631 in
1621 2595 1824 2640 partibus:
1860 2595 2001 2631 dicens

337 2662 452 2697 enim
479 2662 660 2704 animal,
696 2662 774 2697 1100
801 2670 963 2702 nomen,
996 2661 1126 2705 plura
1155 2661 1450 2706 complectitur
1475 2660 1726 2697 nominando
1753 2669 1880 2704 Quam
1910 2669 2000 2705 pro—

337 2726 476 2763 ferens
505 2727 733 2762 hominem.

482 2791 591 2827 Inest
630 2793 812 2827 autenm.
870 2791 1002 2827 Aliam
1042 2791 1380 2827 communitatem
1420 2790 1751 2827 substantialium
1789 2789 2001 2826 nominum

481 2902 500 2933 9
528 2901 729 2934 subiectum
750 2901 877 2933 Boeth.
900 2902 1082 2940 sumptum
1104 2901 1160 2932 bis
1186 2900 1218 2931 A
1317 2900 1358 2932 12
1380 2898 1503 2939 unum]
1527 2900 1623 2932 unde
1642 2899 1671 2932 A
1773 2899 1813 2931 13
1835 2898 1999 2940 pluribus

338 2960 371 2992 h.
400 2960 430 2992 d.
460 2962 495 2992 et
522 2969 551 2992 a.
581 2960 609 2992 A
710 2960 751 2992 23
781 2960 1016 3000 comparetur
1041 2959 1069 2991 A
1122 2960 1239 2991 forma
1265 2959 1294 2990 A
1404 2960 1446 2991 29
1473 2959 1640 2991 nolumus
1668 2959 1697 2990 A
1808 2958 1851 2990 31
1878 2958 1913 2990 in
1940 2954 1999 2997 eo]

338 3019 396 3050 ine
425 3019 451 3050 A
551 3019 592 3051 32
622 3019 837 3051 determinat
863 3018 892 3051 A

480 3089 487 3110 ¹
518 3090 679 3129 Abael.,
708 3090 912 3122 Dialectiea
940 3090 1000 3121 ed.
1029 3088 1208 3127 Cousin‚
1237 3098 1271 3129 p.
1301 3090 1376 3121 173.

478 3149 492 3169 2¹
520 3149 570 3180 Cr.
597 3149 761 3187 Abael.,
791 3149 942 3180 Dialect.
972 3149 993 3181 l.
1021 3158 1060 3181 0.,
1088 3157 1121 3188 p.
1153 3149 1227 3180 174.
