2200 3387
282 223 324 256 14
689 224 796 256 Peter
823 224 1026 256 Abaelards
1054 224 1189 265 Logica
1215 218 1540 265 ingredientibus&

281 320 518 356 universale
559 323 696 356 tamen
736 329 873 356 rerum
909 320 1043 356 adhuc
1070 321 1298 357 retinentes
1331 321 1438 357 idem
1473 332 1555 358 non
1595 323 1947 360 essentialiter

282 385 457 429 quidem.
481 384 554 420 sed
577 385 934 421 indifferenter
949 395 1001 421 ea
1021 395 1128 430 quae
1150 386 1332 422 discreta
1352 388 1458 427 sunt,
1480 388 1700 432 appellant,
1720 388 1846 424 veluti
1866 388 1946 424 sin-

281 450 399 494 gulos
419 450 608 485 homines
631 450 670 485 in
693 459 738 486 se
764 450 865 495 ipsis
887 450 1090 486 discretos
1118 451 1224 486 idem
1254 461 1350 487 esse
1377 451 1417 487 in
1444 452 1611 488 homine
1639 452 1788 494 dicunt,
1817 453 1856 489 id
1883 455 1947 490 est

247 521 254 527 “
281 523 362 549 non
391 514 558 550 differre
587 515 626 550 in
654 517 801 551 natura
829 516 1106 554 humanitatis,
1131 516 1135 561 Ι
1158 518 1199 552 et
1220 516 1390 552 eosdem
1414 526 1518 561 quos
1546 517 1779 562 singulares
1808 517 1947 554 dicunt

282 580 507 615 secundum
530 580 833 619 discretionem.
860 581 1119 617 universales
1141 581 1280 617 dicunt
1305 582 1531 618 secundum
1549 582 1947 619 indifferentiam

282 647 322 680 et
349 644 625 680 similitudinis
653 646 998 682 convenientiam.

424 709 504 746 Sed
526 710 591 746 hic
612 720 777 756 quoque
793 711 1001 747 dissensio
1018 714 1091 748 est.
1115 712 1214 748 Nam
1238 712 1433 757 quidam
1454 712 1733 749 universalem
1754 722 1841 749 rem
1864 723 1948 750 non

282 775 361 810 nisi
382 775 422 811 in
445 776 748 812 collectione
769 777 942 821 plurium
965 779 1139 813 sumunt.
1180 776 1257 818 Qui
1279 777 1492 813 Socratem
1514 780 1555 814 et
1574 777 1787 814 Platonem
1808 788 1883 824 per
1902 788 1947 815 se

282 841 391 876 nullo
419 842 541 877 modo
569 842 751 886 speciem
779 844 941 881 vocant.
970 843 1044 878 sed
1072 852 1217 879 omnes
1252 843 1440 879 homines
1475 843 1594 880 simul
1627 844 1825 880 collectos
1857 853 1948 890 spe—

282 905 387 941 ciem
422 906 530 958 illam
564 916 671 951 quae
704 910 768 943 est
805 907 927 943 homo
962 908 1101 944 dicunt
1136 910 1175 944 et
1211 909 1351 944 omnia
1387 909 1585 945 animalia
1620 909 1738 944 simul
1775 910 1948 954 accepta

282 980 413 1015 genus
440 972 536 1007 illud
565 972 674 1016 quod
702 975 766 1008 est
793 972 956 1014 animal,
985 975 1025 1009 et
1053 973 1109 1009 ita
1136 974 1186 1009 de
1215 974 1377 1009 ceteris.
1418 973 1575 1014 Quibus
1597 974 1693 1010 illud
1719 974 1948 1010 Boethiil

282 1036 519 1072 consentire
552 1037 731 1073 videtur:
779 1037 960 1082 ‚Species
994 1039 1047 1074 nil
1081 1038 1191 1074 aliud
1230 1048 1324 1075 esse
1352 1040 1535 1083 putanda
1556 1042 1620 1076 est
1646 1039 1726 1075 nisi
1753 1038 1948 1085 cogitatio

282 1101 456 1137 collecta
495 1112 548 1137 ex
594 1102 898 1138 individuorum
943 1104 1204 1139 substantiali
1248 1104 1525 1144 similitudine,
1574 1114 1705 1150 genus
1753 1115 1854 1141 vero
1895 1114 1948 1141 ex

283 1166 516 1211 specierum
555 1167 843 1203 similitudine.‘
896 1167 996 1203 Cum
1037 1168 1146 1203 enim
1185 1169 1241 1204 ait
1281 1169 1467 1209 ,collecta
1505 1169 1793 1211 similitudine‘‚
1831 1171 1950 1215 plura

283 1230 543 1275 colligentem
571 1230 762 1267 insinuat.
814 1231 1005 1276 Alioquin
1028 1232 1137 1268 nullo
1165 1233 1288 1268 modo
1310 1233 1665 1278 praedicationem
1693 1234 1743 1269 de
1764 1234 1949 1279 pluribus

282 1295 348 1330 vel
384 1296 601 1331 multorum
648 1296 947 1332 continentiam
992 1296 1033 1332 in
1061 1296 1286 1333 universali
1315 1298 1589 1334 rehaberent
1630 1308 1709 1334 nec
1750 1299 1950 1344 pauciora

281 1359 537 1396 universalia
564 1370 687 1405 quam
715 1361 943 1407 singularia
970 1364 1122 1398 essent.

424 1425 521 1461 Alii
548 1435 649 1462 vero
677 1428 771 1462 sunt
798 1427 867 1471 qui
887 1436 970 1462 non
993 1427 1125 1463 solum
1153 1428 1349 1464 collectos
1376 1428 1566 1464 homines
1588 1429 1772 1474 speciem
1799 1430 1949 1472 dicunt,

283 1499 427 1526 verum
457 1491 580 1526 etiam
609 1491 794 1537 singulos
823 1491 862 1527 in
891 1501 941 1527 eo
975 1492 1085 1537 quod
1119 1492 1308 1529 homines
1345 1495 1450 1535 sunt,
1489 1495 1529 1530 et
1565 1504 1656 1530 cum
1687 1494 1828 1531 dicunt
1861 1505 1950 1531 rem

283 1555 392 1591 illam
421 1564 527 1600 quae
561 1555 756 1592 Socrates
791 1558 864 1597 est,
898 1557 1131 1602 praedicari
1165 1558 1215 1594 de
1242 1559 1438 1603 pluribus,
1474 1558 1694 1605 figurative
1731 1560 1949 1605 accipiunt,

285 1628 333 1655 ac
355 1620 390 1655 si
411 1619 612 1656 dicerent:
633 1621 753 1665 plura
773 1631 864 1657 cum
881 1631 930 1657 eo
954 1621 1062 1657 idem
1084 1631 1190 1662 esse.
1212 1622 1252 1658 id
1275 1625 1338 1658 est
1359 1623 1596 1664 convenire.
1618 1624 1685 1659 vel
1704 1624 1837 1669 ipsum
1859 1634 1951 1660 cum

284 1685 476 1729 pluribus.
530 1685 607 1726 Qui
633 1687 693 1722 tot
720 1686 884 1731 species
913 1689 1011 1732 quot
1046 1678 1259 1724 individua
1286 1690 1482 1733 quantum
1504 1689 1556 1724 ad
1577 1698 1715 1724 rerum
1735 1698 1951 1725 numerum

284 1752 441 1794 ponunt
469 1752 509 1786 et
535 1751 705 1786 totidem
733 1760 900 1797 genera.
929 1754 1126 1796 quantum
1154 1762 1254 1788 vero
1282 1753 1334 1789 ad
1369 1753 1677 1790 similitudinem
1710 1755 1951 1790 naturarum

284 1816 523 1859 pauciorem
546 1825 762 1852 numerum
777 1817 1073 1853 universalium
1090 1827 1211 1862 quam
1235 1818 1503 1863 singularium
1525 1819 1752 1864 assignant.
1790 1818 1951 1864 Quippe

285 1888 430 1915 omnes
458 1880 645 1916 homines
681 1882 721 1916 et
755 1880 795 1916 in
834 1889 878 1916 se
915 1881 1029 1917 multi
1065 1883 1160 1917 sunt
1192 1891 1267 1926 per
1295 1882 1560 1927 personalem
1589 1882 1883 1919 discretionem
1910 1885 1951 1919 et

284 1953 408 1979 unum
430 1954 504 1989 per
524 1945 791 1981 humanitatis
818 1946 1124 1982 similitudinem
1147 1948 1187 1982 et
1206 1946 1331 1983 iidem
1353 1956 1377 1983 a
1391 1956 1438 1983 se
1459 1947 1557 1992 ipsis
1579 1947 1734 1984 diversi
1754 1949 1950 1992 quantum

286 2008 337 2043 ad
357 2008 650 2044 discretionem
672 2011 713 2044 et
733 2009 785 2045 ad
810 2009 1119 2045 similitudinem
1146 2010 1390 2052 iudicantur,
1418 2012 1461 2047 ut
1481 2010 1676 2047 Socrates
1698 2011 1738 2047 in
1763 2020 1813 2047 eo
1842 2012 1950 2056 quod

286 2074 348 2109 est
374 2073 509 2111 homo,
537 2083 561 2109 a
589 2083 634 2110 se
656 2074 747 2119 ipso
775 2074 815 2110 in
838 2083 887 2109 eo
911 2075 1019 2119 quod
1041 2074 1236 2111 Socrates
1264 2077 1338 2116 est.
1366 2075 1569 2112 dividitur.
1624 2076 1815 2121 Alioquin
1843 2076 1950 2113 idem

287 2137 349 2172 sui
381 2147 514 2181 genus
548 2138 613 2173 vel
651 2138 815 2182 species
847 2147 942 2174 esse
972 2148 1055 2175 non
1077 2140 1230 2184 posset,
1260 2139 1339 2175 nisi
1369 2140 1549 2184 aliquam
1580 2140 1643 2176 sui
1681 2141 1734 2176 ad
1763 2149 1809 2176 se
1837 2140 1952 2177 diffe-

286 2201 458 2236 rentiam
487 2202 671 2243 haberet‚
700 2202 851 2247 quippe
878 2206 1033 2247 <quae>
1060 2203 1236 2239 relativa
1268 2205 1373 2245 sunt,
1408 2204 1544 2249 aliquo
1578 2205 1725 2240 saltem
1758 2206 1951 2250 respectu

286 2260 482 2295 convenit
508 2268 604 2295 esse
632 2261 835 2305 opposita.

430 2324 562 2360 Nunc
589 2327 752 2361 autem
780 2325 917 2370 prius
944 2325 1255 2362 infirmemus
1289 2327 1594 2363 sententiam
1623 2337 1730 2372 quae
1750 2328 1864 2373 prior
1882 2337 1952 2374 po-

288 2388 367 2424 sita
388 2390 452 2424 est
473 2388 529 2424 de
557 2389 863 2426 collectione
884 2392 925 2425 et
946 2390 1152 2436 quomodo
1174 2392 1261 2426 tota
1275 2391 1395 2427 simul
1416 2391 1626 2427 hominum
1641 2392 1828 2428 collectio
1844 2401 1951 2437 quae

287 2461 370 2487 una
383 2452 530 2488 dicitur
543 2453 719 2498 species,
733 2453 783 2489 de
803 2454 988 2498 pluribus
1010 2454 1244 2499 praedicari
1262 2455 1425 2496 habeat,
1447 2457 1490 2491 ut
1508 2455 1758 2492 universalis
1780 2456 1843 2499 sit,
1863 2465 1952 2501 per-

289 2517 511 2561 quiramus,
539 2519 627 2553 tota
653 2520 791 2554 autem
818 2518 869 2554 de
898 2519 1070 2564 singulis
1097 2529 1180 2555 non
1209 2519 1365 2556 dicitur.
1418 2519 1536 2561 Quod
1564 2520 1599 2556 si
1625 2529 1700 2565 per
1730 2522 1872 2566 partes
1900 2520 1951 2557 de

289 2581 464 2618 diversis
491 2582 723 2627 praedicari
750 2583 1014 2625 concedatur,
1040 2584 1081 2620 in
1104 2594 1154 2620 eo
1177 2585 1335 2621 scilicet
1355 2586 1464 2630 quod
1486 2585 1673 2631 singulae
1701 2586 1790 2622 eius
1811 2587 1952 2631 partes

289 2646 367 2682 sibi
392 2646 493 2691 ipsis
522 2648 725 2692 aptentur,
758 2648 857 2684 nihil
892 2649 943 2684 ad
972 2650 1307 2686 communitatem
1335 2650 1594 2692 universalis,
1623 2651 1732 2695 quod
1756 2652 1884 2687 totum
1911 2651 1951 2687 in

289 2711 461 2757 singulis
496 2713 604 2748 teste
640 2712 849 2748 Boethio
865 2717 879 2738 2
916 2723 1010 2750 esse
1047 2714 1170 2750 debet
1205 2716 1330 2759 atque
1367 2714 1408 2750 in
1441 2715 1519 2751 hoc
1555 2716 1607 2751 ab
1644 2715 1711 2751 illo
1745 2715 1953 2752 communi

289 2776 484 2812 dividitur
520 2777 628 2821 quod
664 2787 740 2822 per
774 2780 915 2822 partes
953 2788 1170 2814 commune
1207 2781 1281 2820 est,
1320 2779 1426 2815 sicut
1466 2789 1567 2825 ager
1603 2780 1718 2816 cuius
1759 2781 1952 2817 diversae

288 2842 429 2884 partes
450 2843 544 2876 sunt
569 2841 839 2877 diversorum.
895 2841 1166 2878 Praeterea
1194 2844 1234 2879 et
1255 2842 1450 2879 Socrates
1478 2844 1664 2880 similiter
1691 2845 1741 2881 de
1767 2844 1952 2890 pluribus

432 2963 447 2992 1
478 2961 789 2994 universalitatem
811 2963 937 2995 Ros-m.
960 2963 1068 2995 iidem
1090 2964 1215 2995 Rosm.
1316 2965 1356 2996 14
1379 2964 1613 2997 similitudine
1627 2962 1655 3004 2]
1676 2965 1902 2997 multitudine
1920 2964 1950 2997 A

292 3019 333 3050 16
349 3018 523 3051 habentA
587 3020 629 3052 26
651 3021 745 3053 idem
759 3021 787 3053 A
859 3022 902 3053 38
914 3023 1004 3062 post
1023 3022 1203 3054 communi
1225 3022 1373 3054 addidit
1392 3031 1534 3055 manus
1549 3024 1742 3064 posterior
1762 3023 1862 3056 salso
1879 3031 1952 3055 non

433 3095 443 3117 ¹
471 3096 631 3135 Boeth„
663 3097 702 3130 In
731 3097 869 3139 Pomm.
898 3098 953 3130 ed.
981 3098 1031 3135 11„
1060 3107 1093 3138 p.
1124 3096 1244 3131 16616.
1420 3098 1434 3120 ‘2
1460 3100 1620 3138 Boeth„
1649 3100 1671 3132 l.
1699 3109 1739 3137 c.,
1767 3109 1800 3140 p.
1831 3099 1895 3132 162
1912 3097 1950 3133 ¹7.

1969 912 2002 937 10

1971 1242 2003 1267 15

1970 1564 2005 1590 20

1970 1889 2005 1915 515

1971 2214 2006 2239 30

1971 2532 2006 2557 35

1970 2855 2005 2879 40
