2200 3387
317 234 381 266 168
715 235 821 266 Peter
846 235 1050 267 Abaelards
1077 235 1212 276 Logica
1240 234 1562 276 ‚Ingredientibus‘.

315 328 441 359 tutum
475 324 702 360 divisiones
735 325 927 369 proponit
959 334 1008 361 ac
1047 325 1264 370 diligenter
1302 326 1462 365 tractat.
1502 326 1652 362 deinde
1690 327 1871 363 ostendit
1908 337 1977 363 res

314 388 432 423 nullis
461 388 730 423 divisionibus
758 388 1173 432 comprehendendas
1212 389 1377 433 proprie
1414 389 1665 433 quantitates
1704 390 1782 425 dici
1819 391 1859 426 et
1894 400 1976 426 non

313 453 415 488 nlius
444 462 522 488 res.
559 453 725 488 tandem
753 453 977 498 investIgat
1003 453 1210 498 proprium
1240 453 1492 497 quantitatIs.
1543 453 1591 489 Et
1617 455 1840 495 attende,
1868 455 1978 499 quod

313 517 389 552 1100
406 526 556 552 nomen
572 517 813 561 quantitatis
829 517 869 553 in
886 518 1174 563 designatione
1190 527 1351 553 rerum
1374 517 1544 554 varias
1566 518 1977 564 significationes

313 588 446 623 habet.
499 587 707 632 Accipitur
734 588 842 624 enim
870 588 948 624 1100
975 598 1126 624 nomen
1162 588 1403 632 quantitatis
1441 589 1550 633 quod
1586 598 1669 624 non
1706 590 1770 625 est
1805 598 2014 635 genera-5

312 648 523 688 lissim'uni.
552 652 598 687 in
627 652 986 697 designatione
1014 662 1376 693 mensurarum,
1413 653 1654 689 tantundem
1682 654 1827 689 valens
1853 663 1978 698 quan-

312 720 392 752 tum
423 726 630 752 mensura.
665 719 705 752 et
732 720 827 753 tunc
861 718 920 753 sic
952 720 1088 762 potest
1122 717 1320 753 describi:
1361 718 1578 758 Quantitas
1616 720 1678 754 est
1713 728 1764 754 ea
1800 728 1868 754 res
1903 728 1979 763 per

312 791 432 825 quani
475 781 718 817 naturaliter
763 782 938 818 subiecti
979 782 1041 817 sui
1081 783 1344 818 mensuratur
1382 792 1431 818 ac
1472 782 1716 818 terminatur
1755 782 1976 819 essentia1.

311 846 520 890 Accipitur
547 846 668 882 etiam
698 847 775 882 1100
803 856 954 882 nomen
976 847 1185 891 quantitas
1213 847 1259 882 in
1289 847 1644 891 designatione
1672 847 1976 892 quorundam

310 911 663 947 accidentium.
701 920 807 955 quae
844 911 1121 947 mediantibus
1158 911 1456 955 quantitatibus
1494 912 1643 952 insunt,
1682 913 1725 947 ut
1762 906 1975 957 longitudo
1998 920 2030 945 10

310 986 384 1020 per
417 976 578 1012 lineam.
618 976 831 1011 multitudo
872 985 946 1020 per
984 986 1210 1012 numerum.
1280 976 1398 1012 Unde
1438 978 1478 1012 et
1516 977 1774 1022 grammatici
1809 977 1977 1022 longum

310 1043 349 1075 et
389 1050 583 1085 magnum
622 1041 710 1076 sive
750 1050 922 1085 parvum
961 1041 1233 1085 quantitatem
1273 1041 1510 1086 significare
1549 1041 1752 1077 videntur.
1802 1041 1976 1078 Tertio

309 1114 507 1149 quoque
536 1105 676 1140 modo
705 1105 868 1140 videtur
894 1105 1206 1141 Aristoteles
1236 1106 1476 1150 quantitatis
1504 1107 1749 1142 vocabulum
1785 1107 1976 1152 accipere

309 1169 353 1204 in
382 1169 742 1214 designatione
771 1170 928 1205 scilicet
954 1169 1395 1206 fundamentorum
1429 1171 1785 1216 suprapositorum
1819 1173 1977 1216 quanti-

309 1236 416 1269 tates
439 1234 771 1279 significantium.
794 1235 1020 1270 secundum
1041 1235 1081 1270 id
1103 1235 1261 1271 scilicet
1276 1235 1383 1279 quod
1400 1236 1466 1271 vel
1487 1236 1623 1271 album
1640 1236 1787 1272 dicitur
1806 1237 1975 1273 multum
1997 1242 2030 1268 15

308 1299 372 1334 vel
390 1299 496 1334 actio
513 1299 649 1335 nimia.
691 1299 739 1334 In
765 1299 1121 1345 designatione
1139 1300 1262 1335 etiam
1284 1309 1459 1335 vocum
1479 1300 1798 1346 significantium
1820 1302 1978 1346 quanti-

308 1366 415 1399 tates
449 1363 614 1408 quidam
650 1364 729 1400 hoc
763 1374 914 1400 nomen
954 1364 1164 1409 quantitas
1201 1364 1334 1409 accipi
1371 1364 1565 1405 iudicant,
1603 1365 1831 1401 secundum
1867 1366 1977 1411 quod

311 1428 407 1464 illud
435 1428 722 1473 accipiendum
750 1429 914 1465 videtur
941 1429 1050 1474 quod
1078 1429 1133 1464 ait
1160 1429 1433 1473 quantitatem
1460 1439 1542 1465 non
1570 1430 1814 1475 comparari,
1845 1430 1887 1467 id
1913 1432 1977 1467 est

310 1493 478 1528 nomina
504 1495 674 1538 propter
702 1493 954 1538 quantitates
982 1494 1153 1529 inventa
1180 1494 1231 1529 ad
1253 1494 1607 1538 comparationem
1633 1494 1800 1530 minime
1820 1496 1976 1532 venire.

450 1557 493 1593 In
539 1558 695 1602 prima
742 1560 881 1594 autem
927 1558 1232 1604 significatione
1276 1560 1494 1603 acceptum
1537 1569 1689 1596 nomen
1734 1560 1974 1604 quantitatis
1994 1564 2030 1590 2⁰

308 1622 468 1658 duabus
497 1623 770 1659 divisionibus
811 1624 862 1659 ab
895 1623 1171 1659 Aristotele
1209 1623 1476 1659 distribuitur.
1527 1623 1646 1660 Unde
1681 1624 1974 1665 Boethius22

308 1686 465 1723 snum.
503 1686 644 1731 inquit,
681 1687 873 1731 idemque
914 1687 1156 1732 quantitatis
1192 1696 1344 1723 nomen
1382 1687 1547 1724 diverse
1582 1688 1758 1732 partitus
1794 1690 1880 1724 est.⁴
1930 1688 1975 1725 In

307 1754 480 1796 utraque
515 1753 653 1787 autem
688 1752 892 1788 divisione
926 1752 1037 1788 solas
1073 1752 1326 1797 compositas
1366 1752 1535 1788 includit
1570 1753 1831 1798 quantitates,
1871 1763 1974 1798 quas

307 1817 471 1861 quidem
505 1817 756 1861 compositas
793 1817 845 1852 ad
882 1817 1141 1853 tractandum
1179 1817 1359 1853 maxime
1400 1817 1525 1863 elegit
1561 1819 1601 1853 et
1639 1828 1723 1854 non
1759 1828 1831 1854 eas
1867 1828 1974 1864 quae

307 1881 517 1926 simplices
546 1883 650 1919 sunt.
679 1882 775 1926 quia
801 1892 877 1927 per
902 1882 978 1918 has
1007 1891 1114 1926 quae
1141 1882 1273 1927 magis
1301 1883 1493 1928 cognitae
1522 1884 1641 1918 erant
1677 1884 1717 1919 et
1752 1883 1792 1919 in
1828 1883 1974 1920 maiori
1992 1888 2028 1913 25

307 1946 610 1982 consuetudine
637 1947 843 1991 loquendi.
883 1947 1046 1983 facilius
1093 1948 1283 1983 naturam
1323 1948 1563 1992 quantitatis
1596 1949 1761 1993 poterat
1799 1948 1973 1993 aperire.

306 2011 522 2056 Simplices
537 2021 650 2049 vero,
679 2021 786 2056 quae
808 2012 878 2047 vix
903 2012 1026 2048 etiam
1049 2012 1291 2057 cogitantur,
1311 2012 1446 2048 minus
1468 2012 1646 2049 idoneae
1667 2013 1719 2049 ad
1739 2012 1973 2049 faciendam

306 2076 533 2112 doctrinam
566 2076 827 2112 videbantur.
881 2076 997 2117 Quae
1039 2077 1163 2113 etiam
1204 2077 1300 2122 quia
1338 2077 1378 2113 in
1419 2077 1660 2122 compositis
1699 2078 1972 2119 continentur,

306 2141 408 2177 satis
435 2151 511 2186 per
538 2141 791 2186 compositas
820 2152 962 2178 earum
989 2144 1138 2178 natura
1165 2151 1330 2187 quoque
1358 2142 1662 2178 monstrabitur.
1715 2142 1972 2188 Quandoque

307 2208 347 2241 et
375 2206 424 2242 de
455 2206 553 2251 ipsis
581 2207 726 2252 agitur.
754 2208 796 2242 ut
824 2207 874 2242 de
902 2209 1054 2252 puncto
1082 2207 1149 2243 vel
1176 2207 1348 2252 simplici
1375 2207 1466 2243 loco
1495 2207 1623 2252 ipsius
1644 2207 1733 2243 sive
1761 2207 1886 2243 etiam
1910 2207 1970 2243 in·
1988 2213 2024 2239 30

306 2271 442 2307 stanti.
472 2271 581 2316 quod
609 2271 822 2307 continuat
848 2272 1117 2316 praeteritum
1146 2274 1186 2308 et
1212 2272 1402 2308 futurum.
1453 2271 1522 2308 Est
1548 2272 1687 2317 itaque
1714 2272 1826 2317 prior
1849 2282 1973 2318 quae-

306 2336 400 2371 dam
426 2336 671 2372 naturaliter
698 2336 845 2372 divisio
874 2336 1161 2381 quantitatum,
1200 2337 1310 2382 quod
1338 2337 1467 2372 aliae
1495 2339 1590 2372 sunt
1616 2336 1836 2382 simplices,
1865 2347 1971 2382 quae

305 2401 498 2437 videlicet
518 2402 704 2446 partibus
727 2402 895 2437 omnino
918 2405 1072 2438 carent.
1094 2402 1224 2438 aliae
1247 2411 1300 2437 ex
1320 2402 1384 2437 his
1406 2402 1674 2447 compositae.
1711 2401 1971 2447 SImplices

305 2468 441 2501 autem
471 2466 687 2510 quinque
716 2466 918 2507 videntur,
946 2466 1082 2502 unitas
1111 2467 1279 2508 scilicet,
1308 2467 1568 2507 elementum,
1597 2466 1637 2502 id
1657 2468 1720 2502 est
1739 2468 1859 2502 tenor
1879 2466 1972 2503 soni

305 2530 547 2566 individuus.
585 2533 790 2575 punctum.
831 2531 1001 2570 instans,
1047 2532 1125 2567 hoc
1165 2533 1229 2567 est
1267 2541 1470 2576 praesens
1509 2533 1671 2576 tempus
1708 2531 1970 2574 indivisibile,
1988 2537 2024 2563 35

305 2595 480 2640 simplex
496 2596 644 2631 locusss.
683 2595 743 2631 Ex
760 2596 822 2631 his
843 2598 978 2632 autem
994 2596 1174 2641 quinque
1191 2596 1444 2641 simplicibus
1461 2596 1969 2642 quantitatibusseptem

305 2660 617 2704 compositae
645 2662 879 2697 nascuntur.
909 2671 1011 2705 quas
1041 2661 1349 2697 Aristoteles
1370 2662 1530 2702 tractat,
1552 2670 1605 2696 ex
1626 2661 1783 2697 unitate
1806 2661 1969 2706 quidem

304 2734 518 2767 numerus;
546 2725 685 2770 plures
714 2725 822 2761 enim
850 2726 1030 2761 unitates
1058 2735 1162 2762 unus
1189 2735 1385 2762 numerus
1414 2727 1525 2768 sunt;
1554 2736 1608 2762 ex
1628 2726 1834 2762 elemento
1862 2725 1970 2762 simi-

445 2846 463 2877 3
491 2847 644 2878 attendit
671 2847 701 2877 A
849 2848 867 2877 5
896 2847 1082 2887 Decipitur
1109 2847 1141 2878 A
1286 2847 1305 2878 8
1332 2856 1585 2879 mensurarum
1613 2855 1656 2879 ac
1682 2846 1910 2878 terminatum
1937 2846 1968 2879 A

306 2905 409 2935 14-15
439 2905 653 2944 quantitatis
680 2905 987 2945 significationem
1008 2905 1037 2937 A
1139 2906 1179 2937 16
1207 2903 1331 2945 nimia]
1359 2906 1480 2938 anima
1509 2905 1537 2936 A
1627 2905 1669 2937 25
1698 2903 1798 2945 quia]
1820 2913 1915 2945 quae
1938 2905 1968 2937 A

305 2963 345 2993 32
376 2964 548 3002 quantum
583 2963 606 2993 Α

446 3044 636 3077 ¹Abael.
666 3045 686 3077 I.
716 3055 754 3082 (ἡ,
784 3055 817 3085 p.
849 3046 924 3078 179.

446 3103 459 3124 '-'
481 3104 641 3143 Boeth.,
671 3105 714 3137 In
745 3104 867 3145 Catey.
897 3105 918 3136 l.
947 3114 985 3142 0.,
1014 3114 1048 3146 p.
1077 3105 1143 3138 203
1158 3105 1198 3137 A.
1321 3104 1335 3125 3
1367 3105 1516 3138 Abael.
1546 3104 1567 3137 l.
1595 3113 1633 3143 c.,
1661 3113 1695 3146 p.
1726 3104 1800 3137 179.
