2200 3387
775 210 801 241 1.
833 209 896 241 Die
924 208 1078 240 (ilossen
1108 217 1149 240 zu
1181 207 1413 248 l‘orplrvrius.
1880 207 1922 240 w

248 306 488 351 significare
518 305 680 342 videtur
709 306 772 341 vel
804 306 925 341 nomo
955 306 1018 341 vel
1049 305 1157 341 aliud
1189 306 1426 351 universale
1456 306 1715 342 vocabulum.
1750 315 1840 341 cum
1871 306 1921 341 (le

250 371 359 407 nulla
386 380 430 406 re
459 371 684 407 constituat
706 371 970 406 intellectum.
1023 370 1102 406 Sed
1127 380 1204 406 nec
1227 371 1457 406 intellectus
1481 382 1606 415 posse
1629 381 1724 407 esse
1749 371 1921 408 videtur.

250 437 316 481 qui
346 446 429 472 rem
460 436 688 472 subiectam
720 445 840 480 quam
876 435 1097 480 concipiat.
1134 445 1212 470 non
1251 436 1384 471 nabet.
1440 436 1556 471 l'nde
1599 436 1841 472 Boethius
1883 436 1920 471 in

249 503 586 538 Commento¹1
629 501 783 538 ‚omnis
813 501 1046 537 intellectus
1075 504 1145 536 aut
1173 511 1225 536 ex
1256 511 1299 535 re
1337 501 1379 536 l'it
1417 501 1617 537 subiecta.
1656 504 1697 537 ut
1731 511 1826 537 sese
1856 512 1921 537 res

213 574 228 597 f·
250 568 375 603 habet
396 570 466 603 aut
486 569 527 602 ut
549 576 645 602 sese
668 576 749 602 non
773 566 908 602 habet.
938 566 1036 601 Nam
1061 576 1113 601 ex
1136 566 1244 601 nullo
1265 566 1452 602 subiecto
1473 566 1563 601 i'ieri
1586 567 1818 602 Intellectus
1841 577 1920 602 non

198 905 229 929 lo

199 1550 233 1575 *2⁰

250 634 409 677 potest.
439 631 703 675 Quapropter
725 630 979 666 universalia
1009 640 1061 666 ex
1084 632 1170 666 toto
1192 640 1217 666 a
1239 630 1544 675 significatione
1562 631 1753 666 videntur
1774 631 1922 667 aliena.

394 695 474 730 Sed
503 704 583 730 non
613 697 676 730 est
705 695 771 730 ita.
824 694 924 730 Nam
954 697 995 730 et
1023 704 1090 730 res
1125 695 1315 730 diversas
1353 705 1425 739 per
1459 695 1784 731 nominationem
1826 706 1923 740 quo-

250 761 472 797 dammodo
499 760 747 805 significant.
786 769 867 795 non
898 760 1191 796 constituendo
1220 762 1358 796 tamen
1390 761 1641 796 intellectum
1672 761 1722 797 de
1752 761 1812 797 eis
1840 771 1924 796 sur-

249 827 428 869 gentem.
457 824 531 860 sed
560 824 610 860 ad
640 824 825 869 singulas
855 824 1144 869 pertinentem.
1199 824 1249 860 l't
1277 824 1381 860 llaec
1402 835 1484 860 vox
1507 825 1650 862 ,homo-
1675 829 1715 861 et
1738 825 1923 870 singulos

251 890 436 925 nominat
463 899 515 925 ex
545 889 751 925 communi
779 899 919 927 causa.
948 890 1056 934 quod
1085 890 1243 926 scilicet
1265 890 1454 926 homines
1477 892 1582 927 sunt.
1612 893 1781 935 propter
1802 901 1923 936 quam

251 955 490 991 universale
519 955 677 992 dicitur.
705 957 746 991 et
773 955 1026 991 intellectum
1056 956 1263 1000 quendam
1293 956 1506 991 constituit
1534 965 1807 992 communem.
1843 966 1922 992 non

251 1020 472 1066 proprium.
500 1020 551 1056 ad
581 1020 767 1066 singulos
796 1020 953 1056 scilicet
989 1020 1277 1065 pertinentem.
1318 1030 1489 1065 quorum
1529 1030 1789 1057 communem
1831 1032 1926 1057 con-

250 1085 347 1130 cipit
374 1084 696 1121 similitudinem.
974 1093 981 1097 ·

394 1150 504 1186 Sed!
531 1160 639 1186 nunc
668 1159 719 1186 ea
747 1160 854 1195 quae
892 1150 1076 1186 breviter
1109 1150 1330 1196 tetigimus.
1371 1151 1590 1196 diligenter
1627 1151 1925 1196 perquiramus.

216 1226 229 1247 ·.
252 1214 410 1251 scillcet
438 1224 563 1259 quae
592 1214 655 1251 sit
690 1214 775 1250 illa
812 1215 1092 1250 communis
1127 1224 1298 1252 causa.
1333 1215 1603 1251 secundum
1646 1225 1785 1260 quam
1823 1216 1926 1251 uni·

252 1280 456 1316 versale
492 1289 666 1316 nomen
695 1280 977 1325 impositum
1013 1282 1168 1316 estet
1203 1289 1328 1324 quae
1363 1281 1427 1316 sit
1467 1281 1736 1326 conceptio
1779 1281 1926 1317 intel-

252 1345 416 1381 lectus
469 1345 742 1381 communis
797 1345 1148 1381 similitudinis
1201 1355 1361 1381 rerum
1410 1347 1456 1381 ct
1500 1347 1658 1381 utrum
1720 1349 1928 1391 propter

253 1419 558 1446 communem
592 1419 794 1446 causam
824 1410 869 1446 in
899 1419 996 1455 qua
1023 1420 1103 1446 res
1135 1410 1544 1446 conveniuntvel
1569 1412 1775 1456 propter
1801 1420 1927 1447 com-

255 1484 444 1512 munem
493 1476 880 1521 conceptionem
931 1476 1006 1511 vel
1047 1477 1252 1521 propter
1293 1477 1553 1520 utrumque
1607 1476 1748 1512 simul
1800 1486 1927 1512 com-

256 1548 395 1575 mune
418 1539 614 1575 dicatur
640 1540 952 1575 vocabulum.

395 1604 455 1641 Ac
471 1604 645 1651 primum
662 1605 712 1641 de
733 1605 980 1641 communi
1008 1615 1161 1641 causa
1177 1605 1504 1641 consideremus.
1558 1605 1714 1651 Singuli
1738 1605 1927 1642 homines
1975 1597 1978 1606 ’

254 1670 422 1707 discreti
438 1670 490 1706 ab
506 1670 696 1709 invicem.
714 1680 805 1706 cum
833 1670 873 1706 in
896 1670 1074 1716 propriis
1096 1670 1291 1706 differant
1312 1673 1394 1706 tam
1418 1671 1612 1707 essentiis
1634 1680 1756 1716 quam
1770 1670 1927 1708 formis.

255 1737 297 1772 ut
312 1738 461 1781 supra·q
477 1736 739 1772 meminimus
758 1736 817 1771 rei
839 1736 1054 1781 physicam
1071 1736 1342 1780 inquirentes.
1364 1736 1403 1772 in
1433 1745 1483 1772 eo
1506 1738 1645 1772 tamen
1662 1737 1926 1773 conveniunt,

255 1801 364 1846 quod
392 1801 582 1837 homines
611 1803 716 1837 sunt.
768 1801 976 1837 Non-dico
1006 1801 1045 1837 in
1074 1801 1252 1839 homine.
1281 1810 1373 1837 cum
1401 1811 1469 1837 res
1497 1802 1608 1837 nulla
1630 1802 1682 1837 sit
1703 1802 1826 1838 homo
1851 1802 1927 1837 nisi

200 1882 234 1906 25
255 1866 448 1904 discreta.
476 1866 550 1902 sed
578 1866 617 1902 in
646 1875 743 1902 esse
773 1866 994 1903 hominem.
1046 1866 1148 1902 Esse
1176 1869 1314 1902 autem
1344 1866 1554 1903 hominem
1582 1877 1663 1903 non
1702 1869 1766 1903 est
1800 1868 1928 1903 homo

202 2207 237 2231 30

255 1941 333 1968 nec
360 1941 429 1968 res
457 1932 607 1976 aliqua.
649 1932 682 1967 si
716 1931 953 1977 diligentius
993 1932 1322 1969 consideremus.
1363 1932 1468 1968 sicut
1508 1941 1585 1968 nec
1626 1942 1708 1968 non
1749 1942 1846 1968 esse
1887 1932 1926 1968 in

254 1997 441 2034 subiecto
485 2005 553 2033 res
593 1998 656 2032 est
691 1996 831 2042 aliqua
869 2007 947 2033 nec
984 2007 1066 2033 non
1108 1997 1324 2042 suscipere
1364 1997 1704 2034 contrarietatem
1746 1998 1812 2033 vel
1846 2007 1927 2033 non

255 2062 469 2108 suscipere
497 2062 630 2108 magis
658 2064 699 2098 et
725 2062 872 2100 minus,
900 2063 1127 2099 secundum
1150 2072 1258 2108 quae
1287 2065 1425 2099 tamen
1449 2063 1755 2099 Aristoteles
1784 2072 1930 2099 omnes

256 2128 513 2164 substantias
541 2128 768 2164 convenire
803 2127 910 2164 dicit.
963 2127 1062 2164 Cum
1092 2128 1201 2164 enim
1229 2128 1269 2164 in
1299 2138 1354 2169 re,
1392 2130 1434 2165 ut
1461 2132 1615 2173 supra⁴
1644 2130 1929 2166 monstratum.

257 2194 369 2229 nulla
408 2193 541 2238 possit
577 2202 675 2230 esse
714 2193 1021 2231 convenientia.
1063 2194 1097 2229 si
1134 2203 1216 2238 qua
1253 2195 1317 2230 est
1353 2194 1585 2238 aliquorum
1622 2193 1930 2231 convenientia.

257 2257 484 2294 secundum
527 2257 566 2293 id
603 2257 849 2303 accipienda
888 2259 963 2297 est,
1005 2257 1114 2303 quod
1154 2267 1236 2293 non
1278 2259 1342 2294 est
1381 2267 1449 2294 res
1489 2257 1640 2303 aliqua.
1678 2260 1720 2294 ut
1759 2258 1798 2293 in
1833 2267 1930 2293 esse

257 2321 465 2357 hominem
494 2320 690 2358 Socrates
718 2323 759 2357 et
787 2322 900 2358 Plato
928 2321 1084 2358 similes
1112 2323 1216 2359 sunt.
1254 2322 1360 2358 sicut
1396 2322 1436 2358 in
1473 2331 1556 2358 non
1591 2331 1687 2358 esse
1721 2322 1928 2358 hominem

258 2395 390 2431 equus
428 2388 468 2423 et
502 2387 655 2426 asinus,
691 2387 919 2423 secundum
954 2386 1064 2431 quod
1098 2389 1316 2432 utrumque
1358 2387 1584 2423 non-homo
1625 2388 1809 2423 vocatur.
1862 2386 1932 2422 Est

262 2452 401 2497 itaque
429 2461 498 2488 res
526 2451 718 2488 diversas
747 2452 974 2488 convenire
1002 2461 1076 2488 eas
1105 2452 1292 2497 singulas
1326 2452 1434 2488 idem
1476 2461 1573 2488 esse
1611 2452 1675 2488 vel
1711 2461 1792 2488 non
1822 2461 1930 2490 esse.

204 2532 238 2554 :5
260 2518 301 2552 ut
329 2525 426 2553 esse
454 2517 663 2553 hominem
691 2517 757 2553 vel
786 2517 923 2553 album
952 2517 1018 2553 vel
1040 2526 1121 2553 non
1146 2526 1243 2553 esse
1265 2517 1473 2553 hominem
1490 2517 1554 2553 vel
1572 2526 1653 2553 non
1671 2526 1765 2553 esse
1782 2517 1930 2552 album.

401 2621 444 2653 23
466 2619 603 2661 tamen]
625 2622 764 2653 tantum
786 2620 814 2653 A
867 2621 910 2653 26
933 2621 1128 2662 diligenter
1143 2621 1268 2654 Ros-m.
1328 2621 1370 2654 27
1393 2622 1450 2653 vel
1470 2622 1497 2654 A
1527 2623 1589 2654 aut
1606 2621 1731 2653 Ros-m.
1784 2620 1826 2652 29
1850 2622 1886 2652 ut
1901 2621 1928 2653 A

260 2679 308 2711 uti
337 2679 463 2712 Rosm.
491 2680 663 2720 superius
692 2680 819 2712 Ros-m.
843 2681 933 2720 pos!
959 2682 1200 2712 monstratum
1229 2680 1316 2712 add.
1346 2681 1472 2712 [ἔω-ιη.
1502 2686 1557 2712 est
1658 2680 1700 2711 :30
1731 2680 1820 2720 post
1847 2688 1931 2711 esse

259 2739 516 2770 convenientia
543 2738 631 2771 add.
659 2739 785 2771 Rosm.
814 2741 887 2771 tum
953 2737 1039 2779 qua]
1069 2748 1164 2779 quae
1193 2740 1317 2771 Ros-m.
1431 2740 1468 2771 :31
1503 2737 1550 2778 id]
1580 2739 1646 2770 hoc
1677 2739 1799 2771 lios-m.
1829 2738 1873 2770 ad
1901 2738 1928 2770 Α

260 2797 303 2828 :32
331 2795 486 2836 similes]
513 2797 618 2829 simul
647 2798 674 2830 A
706 2797 831 2830 Ii’osm.
951 2798 992 2829 33
1021 2798 1219 2830 secundum
1248 2798 1274 2830 Α
1306 2798 1445 2830 scilicet
1474 2798 1598 2829 Ros-m.
1628 2799 1782 2837 uterque
1806 2797 1931 2830 Rosm.

261 2856 368 2888 :34-:35
391 2856 448 2888 vel
471 2882 476 2888 .
501 2857 580 2888 .vel
604 2882 609 2888 .
634 2882 639 2888 .
662 2857 719 2889 vel
742 2883 748 2889 .
773 2884 778 2889 .
801 2857 859 2890 vel
883 2883 888 2889 .
910 2855 933 2896 ,1
955 2858 1027 2889 tum
1051 2882 1056 2887 .
1080 2883 1087 2890 .
1109 2859 1182 2890 tum
1206 2884 1211 2890 .
1235 2884 1241 2889 .
1264 2859 1335 2889 tum
1360 2883 1365 2889 .
1390 2883 1395 2889 .
1419 2858 1490 2889 tum
1510 2857 1634 2889 Hosne.
1664 2855 1715 2896 ut]
1738 2857 1786 2888 uti
1805 2857 1931 2890 Rasna.

405 2931 414 2953 ¹
444 2933 598 2969 Boeth.
627 2933 670 2965 In
701 2932 838 2974 Porph.
866 2933 921 2966 ed.
950 2934 999 2969 11..
1028 2943 1061 2974 p.
1094 2932 1190 2966 16:37.

404 2991 418 3013 ’-’
448 2994 554 3031 Quae
580 2994 794 3032 sequantur
823 3002 943 3033 usque
968 2993 1020 3024 ml
1053 2993 1281 3030 ‚vocabulum
1310 2993 1493 3033 imposuit*
1524 3002 1556 3034 p.
1585 2992 1678 3031 20¹⁴,
1713 2994 1789 3025 Iam
1818 2993 1935 3025 edidit

262 3050 302 3082 Α.
333 3050 763 3086 ltosmini-Serbnti.
791 3050 990 3083 Aristotele
1016 3053 1166 3091 ‹as-postu
1194 3052 1238 3082 vd
1264 3052 1489 3087 «saluimum,
1523 3051 1655 3083 'l'orino
1687 3052 1784 3086 1⁸57,
1815 3061 1847 3091 p.
1877 3052 1930 3084 213.

403 3109 417 3128 ³¹
445 3119 478 3149 p.
511 3111 645 3149 llsqq.
773 3111 780 3130 ⁸
811 3119 843 3149 p.
875 3112 925 3142 lli.

1731 3158 1783 3176 ⁸).

1731 3180 1749 3190 ιι-
