2200 3387
459 247 489 281 2.
519 247 583 281 Dic
611 247 766 281 Glossen
796 257 838 279 zu
866 247 935 280 ‹lt-n
965 244 1198 287 Kategorlen.
1234 266 1254 268 -
1301 247 1351 280 bo
1379 248 1594 281 substantia.
1804 246 1870 281 159

197 345 322 390 ponit.
350 345 458 390 quod
488 345 647 381 scilicet
673 348 767 381 sunt
796 344 1006 380 contraria
1033 347 1229 389 quantum
1267 346 1318 381 ad
1356 346 1701 389 significationem
1740 356 1869 385 suam.

198 411 350 455 quippe
372 420 453 446 non
482 412 576 446 sunt
606 410 669 446 vel
697 409 986 446 substantialia
1024 410 1192 445 nomina
1224 411 1522 446 contrariarum
1552 411 1776 447 formarum
1805 411 1869 447 vel

195 478 360 520 sumpta
387 476 438 511 ab
467 476 538 512 eis.
592 476 761 511 Primae
787 475 913 511 enim.
968 475 1076 511 Vere
1114 475 1265 510 nullum
1304 475 1578 511 substantiale
1616 486 1768 512 nomen
1807 479 1870 512 cst

195 541 446 577 contrarium
475 541 513 576 in
542 541 860 585 significatione.
895 540 992 585 quia
1026 550 1162 584 neque
1200 539 1331 585 prima
1365 541 1600 576 substantia
1637 551 1772 586 neque
1809 551 1870 577 se-

195 606 340 642 cunda.
393 606 425 641 A
454 605 649 650 partibus.
707 605 751 640 (Ἰ
779 605 914 641 alic-ni
947 605 1129 646 homini,
1162 605 1200 641 id
1236 607 1300 641 est
1336 605 1574 650 particulari
1614 607 1768 642 nomini
1801 607 1870 642 ali-

143 944 174 968 lu

195 671 312 707 cuius
334 670 523 706 bominis
575 671 625 706 A!
648 681 754 706 vero,
807 670 894 706 Non
919 674 1048 706 solum
1073 670 1229 715 primae
1251 679 1332 706 non
1356 672 1451 706 sunt
1472 671 1708 707 contrariae
1731 680 1870 711 voces,

195 745 337 772 verum
367 736 489 772 etiam
519 736 744 774 secundae.
783 739 824 772 ut
859 736 935 772 boc
970 746 1119 772 nomen
1159 737 1304 774 ,l10m0·
1345 737 1409 773 vel
1452 736 1640 777 ,animal‘.
1693 737 1783 772 Non
1813 739 1870 772 est

193 804 348 837 antem.
401 800 744 837 Communitatem
769 801 952 838 ostendit
973 811 1054 837 non
1078 811 1175 838 esse
1199 802 1364 847 proprie
1388 803 1597 847 proprium
1620 803 1869 838 substantia-

194 867 288 903 lium
318 867 540 904 nominum.
580 867 676 911 quia
712 867 909 902 convenit
946 867 1068 903 etiam
1103 867 1207 905 aliis,
1247 869 1290 903 ut
1324 867 1416 903 huic
1458 867 1612 903 nomini
1653 868 1870 907 ‚bicubitoz

195 933 304 978 quod
332 934 397 968 est
423 934 630 977 sumptum
660 932 724 968 vel
752 942 777 968 a
803 932 1069 970 cubitatione.
1098 942 1206 977 quae
1234 932 1415 969 fortasse
1443 933 1622 978 qualitas
1650 935 1724 973 est.
1753 933 1818 970 vel
1846 943 1871 970 a

193 997 332 1034 cubita
358 997 479 1034 linea.
532 998 725 1033 Bis-ultim
746 998 873 1033 enim.
926 997 1035 1034 Vere
1058 999 1120 1033 est
1141 998 1313 1034 aliorum
1336 998 1558 1039 nominum,
1581 999 1677 1043 quia
1698 998 1870 1034 istorum

193 1065 234 1100 et
260 1063 434 1099 aliorum
462 1063 650 1099 similiter
677 1063 997 1109 significantium
1036 1063 1300 1108 quantitates.
1353 1063 1444 1099 ,visi
1471 1065 1586 1099 rorte.
1639 1063 1732 1100 Dixi
1760 1064 1871 1100 nulla

193 1128 301 1167 talia.
329 1138 437 1173 quae
465 1128 623 1165 scilicet
651 1128 888 1174 significant
910 1129 1163 1173 qualitatem.
1193 1138 1289 1165 esse
1312 1129 1531 1165 contraria.
1561 1131 1601 1165 et
1627 1130 1746 1168 bene.
1775 1129 1871 1174 quia

193 1194 303 1230 nulla
330 1196 395 1230 est
421 1194 460 1230 in
489 1194 639 1230 talibus
667 1194 968 1235 controversia,
1002 1194 1082 1230 nisi
1115 1194 1220 1230 forte
1249 1194 1288 1230 in
1318 1204 1468 1240 magno
1504 1197 1545 1230 et
1581 1204 1724 1240 parvO,
1762 1204 1870 1240 quae

157 1259 374 1295 sfortasse
411 1259 657 1305 quibusdam
699 1262 739 1296 et
776 1260 1030 1305 quantitates
1074 1259 1312 1306 significare
1349 1260 1542 1296 videntur
1579 1262 1619 1296 et
1658 1260 1869 1296 contraria

193 1334 302 1362 esse.
355 1324 436 1361 Sed
464 1325 656 1370 quicquid
686 1325 736 1361 de
770 1325 860 1360 istis
893 1325 956 1362 sit.
993 1325 1231 1361 confitetur:
1271 1325 1411 1361 dicere
1447 1335 1630 1370 possum.
1671 1325 1767 1371 quia
1803 1326 1872 1362 de-

193 1390 521 1427 terminatorum.
568 1390 606 1426 id
645 1392 709 1426 est
745 1390 905 1426 illorum
943 1390 1156 1426 nominum
1191 1390 1243 1426 de
1286 1390 1434 1435 quibus
1467 1390 1785 1426 determinatum
1832 1392 1873 1427 et

192 1457 349 1492 certum
379 1457 442 1492 est
470 1455 674 1493 omnibus.
703 1455 811 1501 quod
841 1455 1077 1501 significant
1104 1455 1372 1499 quantitates,
1411 1455 1564 1491 nullum
1593 1455 1702 1496 nulli,
1739 1456 1778 1492 id
1808 1458 1872 1492 est

192 1520 345 1556 nullum
378 1521 511 1558 alicui,
546 1523 609 1557 est
642 1520 905 1557 contrarium.
958 1520 1017 1556 De
1046 1530 1197 1566 magno
1230 1522 1369 1557 autem
1398 1522 1439 1556 et
1464 1530 1595 1565 parvo
1623 1521 1663 1556 in
1693 1521 1871 1564 sznli·

137 1594 153 1607 ἢ
193 1587 302 1621 late¹
333 1585 503 1622 definiet
528 1587 569 1622 et
597 1585 789 1631 probabit
816 1595 908 1621 eam
937 1595 1074 1631 neque
1097 1586 1348 1622 contrariam
1371 1595 1468 1621 esse
1502 1595 1639 1631 neque
1673 1588 1870 1632 quantum

192 1651 443 1696 significare.

344 1716 515 1752 Videtur
540 1719 721 1752 (111101122.
774 1716 907 1753 Aliam
935 1716 1275 1753 communitatem
1297 1716 1412 1761 ponit
1440 1717 1772 1753 substantialium
1801 1727 1871 1753 no-

193 1781 359 1820 minum.
386 1782 494 1818 lianc
521 1781 680 1818 scilicet
708 1782 817 1826 quod
851 1791 933 1817 non
971 1783 1276 1827 comparantur.
1329 1781 1395 1818 Sic
1432 1782 1574 1827 iunge:
1611 1782 1699 1818 Non
1737 1782 1869 1818 solum

193 1846 483 1883 substantialia
519 1846 688 1883 nomina
731 1847 1058 1883 substantiarum
1097 1847 1438 1883 contrarietatem
1474 1857 1557 1883 non
1595 1847 1761 1888 habent,
1797 1847 1870 1883 sed

138 1920 172 1944 25
193 1921 270 1948 nec
308 1912 662 1957 comparationem
701 1912 942 1957 suscipiunt.
999 1912 1103 1948 Dico
1139 1914 1282 1948 (tutem
1323 1912 1413 1948 hoc.
1466 1911 1571 1952 Quia
1607 1913 1672 1949 hic
1709 1913 1871 1948 dixerat

137 2250 171 2274 ΡΑ)

138 2574 170 2598 35

192 1976 483 2013 substantialia
498 1976 666 2012 nomina
689 1977 1015 2013 substantiarum
1033 1980 1164 2018 (non)
1180 1977 1415 2022 comparari
1437 1978 1478 2012 et
1499 1977 1692 2022 superius
1708 1977 1872 2013 dixerat

192 2042 399 2087 quaedam
427 2051 571 2078 eorum
600 2041 731 2088 magis
760 2051 857 2078 esse
885 2042 1152 2081 substantias,
1187 2042 1393 2087 quaedam
1421 2041 1568 2082 minus,
1602 2042 1766 2078 videtur
1801 2052 1871 2078 ne-

189 2116 302 2153 gare,
331 2107 441 2152 quod
469 2107 660 2152 superius
687 2109 905 2153 posuerat;
941 2107 1035 2144 ideo
1064 2107 1161 2144 dicit
1188 2117 1234 2144 se
1262 2117 1346 2143 non
1374 2117 1471 2144 esse
1500 2107 1579 2144 sibi
1607 2108 1870 2162 eontrarium,

191 2173 343 2218 quippe
381 2173 460 2209 boc
496 2182 663 2209 nomem
698 2173 932 2209 substantia
966 2173 1075 2218 quod
1104 2174 1380 2218 comparatur,
1421 2182 1574 2209 nomen
1611 2175 1675 2209 est
1708 2183 1870 2215 vocum,

193 2247 276 2274 non
308 2247 446 2274 rerum
482 2238 523 2274 et
557 2240 764 2283 sumptum
798 2248 823 2274 a
856 2238 1112 2284 proprietate
1140 2239 1331 2283 quadam,
1365 2240 1408 2274 ut
1443 2240 1618 2283 supra3
1644 2238 1871 2279 docuimus.

191 2303 370 2348 ideoque
408 2302 542 2348 ipsum
579 2303 815 2348 comparari
850 2303 956 2340 licet.
1008 2303 1092 2339 Nec
1132 2305 1196 2340 est
1234 2303 1550 2343 inconveniens.
1590 2303 1665 2340 sed
1703 2304 1872 2340 nomina

190 2368 481 2404 substantialia
508 2368 833 2404 substantiarum
860 2369 994 2414 ipsum
1022 2379 1174 2405 nomen
1202 2379 1320 2405 suum
1357 2378 1450 2405 cum
1486 2369 1619 2415 magis
1656 2370 1697 2405 et
1732 2369 1868 2405 minus

190 2433 404 2478 recipiunt.
441 2433 537 2469 ficet
571 2433 611 2469 in
639 2443 685 2470 se
714 2443 797 2470 non
833 2436 1139 2479 comparentur.
1191 2434 1238 2470 Et
1272 2435 1351 2470 hoc
1395 2436 1459 2470 est
1500 2434 1611 2479 quod
1651 2434 1725 2470 ait:
1765 2434 1868 2470 Dico

190 2500 332 2534 (tutem
363 2499 451 2539 hoc,
479 2498 638 2535 scilicet
670 2499 840 2535 nomina
867 2500 1159 2536 substantialia
1186 2500 1513 2536 substantiarum
1543 2509 1625 2535 non
1654 2499 1870 2545 suscipere

191 2563 322 2609 magis
347 2564 389 2600 et
417 2563 563 2602 minus.
592 2574 676 2600 ηοη
706 2564 763 2600 ita
789 2565 905 2609 quod
930 2574 1013 2601 una
1031 2565 1268 2601 substantia
1294 2575 1378 2601 non
1401 2565 1455 2600 sit
1479 2565 1619 2608 maffl's
1641 2565 1701 2600 vel
1725 2565 1872 2600 nziizeis

189 2629 429 2665 substantia
467 2630 521 2665 ab
557 2629 639 2665 alia
680 2630 936 2672 substantia,
971 2630 1050 2666 hoc
1095 2632 1157 2666 est
1197 2640 1281 2666 non
1318 2630 1376 2666 ita
1414 2630 1524 2675 quod
1561 2639 1710 2675 negem
1745 2639 1870 2666 unum

190 2703 342 2730 nomen
365 2694 639 2731 substantiale
655 2695 972 2731 determinatius
993 2705 1081 2732 rem
1109 2695 1339 2732 subiectam
1362 2696 1580 2732 nominare
1601 2704 1724 2740 quam
1748 2695 1868 2731 aliud.

190 2758 238 2794 Et
264 2768 394 2804 quare
422 2759 460 2795 id
490 2769 571 2795 non
607 2762 743 2805 neget.
779 2760 915 2796 reddit
951 2769 1134 2802 causam,
1171 2761 1269 2806 quia
1304 2761 1344 2796 id
1378 2760 1570 2805 superius
1611 2760 1868 2799 confirmavi.

191 2824 270 2859 boc
297 2826 377 2859 est:
413 2825 489 2859 hnc·
515 2824 628 2859 enim
659 2825 817 2860 (lic-lum
847 2827 905 2860 es!
936 2825 1140 2870 superius.
1176 2826 1277 2869 quia
1316 2827 1386 2865 est,
1421 2826 1494 2860 sed
1529 2825 1586 2861 ita
1618 2825 1710 2860 dico
1738 2826 1779 2860 et
1813 2825 1870 2860 in-

136 2887 344 2934 wtelligo,
384 2888 579 2933 quoniam
616 2899 897 2933 unaquaeque
929 2890 1185 2930 substantia,
1231 2890 1268 2926 id
1310 2893 1374 2926 est
1414 2890 1736 2934 unumquodque
1777 2890 1869 2925 sub-

337 2999 375 3030 11
407 2998 625 3031 Bicubitutio
651 2998 680 3031 A
783 3000 824 3031 18
853 3009 924 3040 que
951 2999 979 3032 A
1080 3001 1123 3032 20
1150 3001 1336 3032 contraria
1361 3000 1387 3032 A
1490 3001 1533 3031 :35
1563 3000 1649 3040 quia
1675 3000 1704 3032 A

336 3073 344 3095 ¹
376 3075 539 3113 booth..
570 3075 610 3107 Iu
640 3075 764 3114 Cales).
793 3075 815 3108 I.
844 3085 884 3113 a,
912 3085 946 3115 p.
975 3076 1094 3108 21013.

332 3134 346 3155 '-'
372 3134 534 3170 Abacl..
563 3134 661 3166 Dial.
691 3134 712 3166 I.
743 3144 782 3171 e„
812 3143 845 3175 p.
877 3136 953 3167 1'1'5.
1078 3135 1093 3155 ³
1121 3136 1172 3167 (Ὺ.
1201 3144 1322 3176 snpra
1352 3146 1384 3176 p.
1417 3136 1524 3171 143ῒᾶ
1557 3136 1664 3168 15”-)“.

262 3201 373 3228 Beitr.
396 3200 468 3228 xxi.
509 3201 651 3235 Geyer.
672 3201 842 3229 Aliaelnrds
866 3201 974 3235 philos,
995 3201 1157 3229 Selii-iiten.
1683 3198 1720 3229 ll

1899 1693 2036 1728 Boetb.

1899 1741 2005 1784 pisis
2017 1741 2049 1776 Ι)
