2200 3387
162 853 185 884 r.
214 853 281 885 301·

311 238 377 269 15³5
719 238 824 270 Peter
851 238 1054 270 Abaelards
1083 231 1216 278 Logiea
1243 230 1566 279 ,ingredientibus‘.

308 345 381 370 aes
408 335 472 370 vel
501 334 653 379 aliquid
680 334 845 370 omnino
874 343 981 371 esse.
1033 334 1099 370 Sic
1121 337 1261 370 tamen
1283 334 1416 379 ipsum
1438 334 1700 375 attendimus,
1729 335 1847 379 quasi
1866 343 1967 372 vere

308 402 436 435 totum
466 401 579 434 esset
606 401 729 444 atque
757 399 850 435 ideo
879 399 1104 435 secundum
1133 399 1257 434 animi
1291 399 1608 444 conceptionem
1644 401 1686 435 ut
1723 399 1773 435 de
1810 409 1970 445 perma-

307 465 434 498 nente
462 463 606 507 agitur.
634 463 727 498 licet
755 465 795 498 et
822 463 1050 498 secundum
1077 462 1136 498 rei
1163 462 1381 498 veritatem
1409 462 1607 497 transitus
1636 462 1812 507 partium
1831 462 1971 498 distin-

307 530 465 571 guatur.
517 526 648 563 Omne
677 527 784 563 enim
813 527 921 572 quod
950 527 1110 562 animus
1139 526 1327 571 concipit.
1355 526 1474 571 quasi
1507 535 1708 571 praesens
1735 527 1969 563 attenditur.

308 592 384 632 Qui
412 592 520 627 enim
543 591 581 627 id
604 592 712 636 quod
732 592 911 627 futurum
934 592 1010 627 scit
1029 600 1136 628 esse.
1156 591 1405 632 considerat,
1427 590 1508 627 iam
1530 592 1573 626 ut
1592 600 1794 636 praesens
1817 592 1972 637 cogitat
1991 597 2006 622 5

307 660 347 692 et
375 656 494 701 quasi
521 656 577 692 ita
604 657 682 692 iam
711 657 763 692 sit
789 666 867 694 res.
896 656 1032 691 animo
1060 656 1281 692 constituit.
1333 655 1433 691 Cum
1468 655 1608 700 itaque
1636 656 1783 692 dicitur
1808 657 1971 701 tempus

307 722 417 757 aliud
446 731 541 757 esse
569 721 754 766 simplex.
791 721 899 756 aliud
937 721 1211 765 compositum
1237 720 1304 756 vel
1331 720 1440 756 aliud
1477 730 1573 756 esse
1610 730 1824 765 praesens,
1861 720 1971 757 aliud

308 787 576 831 praeteritum
604 786 668 822 vel
697 786 887 824 futurum,
916 785 1144 821 secundum
1171 785 1231 821 rei
1252 785 1471 821 veritatem
1497 785 1553 821 nil
1572 794 1674 821 vere
1701 795 1797 822 esse
1825 786 1973 822 dicitur

308 854 470 896 tempus
498 851 770 895 compositum
803 860 939 895 neque
968 859 1064 886 esse
1092 850 1367 895 compositum
1394 859 1529 895 neque
1558 860 1653 886 esse
1681 852 1842 895 tempus
1866 849 1870 896 Ι
1894 859 1972 887 nec

308 915 575 960 praeteritum
604 914 821 959 quicquam
848 923 948 950 vere
976 923 1072 949 esse
1098 913 1254 954 dicitur,
1288 914 1384 958 quia
1410 914 1567 950 scilicet
1593 923 1667 959 per
1703 919 1834 955 ,esse‘,
1862 915 1971 959 quod
1994 919 2026 945 10

309 979 610 1016 substantivum
647 979 816 1014 verbum
856 979 995 1014 omnia
1030 979 1071 1014 in
1107 979 1291 1014 essentia
1326 978 1542 1024 significat,
1579 979 1633 1014 nil
1661 978 1849 1024 copulari
1871 988 1971 1015 vere

308 1048 445 1090 potest
472 1045 509 1080 ei
537 1044 645 1089 quod
673 1044 839 1080 omnino
867 1046 981 1080 caret
1003 1044 1198 1080 essentia.
1250 1043 1316 1080 Sic
1336 1045 1474 1080 tamen
1496 1044 1546 1080 de
1568 1044 1657 1080 istis
1679 1044 1763 1089 agit
1784 1044 1971 1089 acceptio

308 1110 529 1146 hominum.
563 1118 612 1144 ac
640 1108 675 1144 si
702 1109 793 1144 sint.
844 1108 1075 1144 Poterimus
1110 1108 1291 1144 fortasse
1326 1109 1402 1144 has
1439 1109 1666 1145 divisiones
1706 1109 1870 1145 salvare
1910 1118 1972 1145 se-

309 1174 485 1210 cundum
512 1173 722 1209 nominum
749 1173 1082 1218 appellationem,
1110 1182 1192 1208 non
1221 1173 1449 1209 secundum
1482 1182 1618 1209 rerum
1652 1173 1889 1215 essentiam,
1923 1183 1972 1210 ac

309 1239 343 1274 si
371 1239 572 1274 dicamus:
609 1238 707 1273 Illud
735 1238 843 1282 quod
871 1240 1032 1282 tempus
1058 1239 1296 1274 vocaverat.
1324 1237 1433 1273 aliud
1460 1238 1608 1273 dicitur
1641 1237 1828 1283 simplex,
1861 1238 1971 1274 aliud
1993 1243 2025 1268 15

309 1303 581 1348 compositum
607 1305 647 1338 et
674 1302 783 1338 aliud
811 1302 958 1338 dicitur
992 1311 1208 1347 praesens.
1246 1302 1355 1338 aliud
1382 1302 1651 1347 praeteritum
1678 1303 1744 1338 vel
1779 1302 1971 1339 futurum.

308 1368 396 1404 Non
426 1368 533 1404 enim
568 1368 748 1403 fortasse
777 1367 986 1412 quaelibet
1021 1367 1189 1403 nomina
1222 1376 1298 1412 per
1326 1369 1409 1408 ,est
1438 1367 1646 1403 veraciter
1672 1367 1784 1403 circa
1810 1367 1973 1413 singula

309 1443 415 1478 quae
445 1433 668 1473 nominant,
697 1432 891 1477 coniungi
918 1434 1104 1477 possunt.
1155 1432 1258 1468 Nam
1281 1432 1526 1468 .non—homo‘
1550 1431 1785 1468 chimaerae
1808 1441 1972 1477 quoque

308 1507 460 1534 nomen
493 1498 638 1533 dicitur
674 1507 751 1533 nec
786 1498 925 1532 tamen
961 1506 1036 1542 per
1073 1499 1155 1537 ,est
1194 1497 1231 1532 ei
1258 1506 1357 1533 vere
1398 1497 1630 1542 copulatur;
1672 1497 1858 1533 similiter
1894 1506 1973 1533 nec

308 1562 577 1608 praeteritum
604 1562 670 1598 vel
696 1562 875 1597 futurum
902 1562 965 1597 his
993 1570 1100 1606 quae
1127 1562 1352 1603 nominant,
1380 1570 1556 1598 necesse
1584 1563 1648 1598 est
1682 1570 1757 1607 per
1784 1563 1869 1603 ‚est‘
1907 1571 1972 1598 co·
1991 1565 2026 1591 20

309 1627 451 1672 pulari.
503 1626 584 1663 Sed
607 1636 697 1662 cum
723 1626 868 1662 dicitur
890 1628 1062 1671 ,tempus
1086 1628 1150 1662 est
1171 1626 1463 1671 praeteritum,
1491 1626 1547 1662 nil
1568 1626 1678 1662 aliud
1700 1626 1822 1662 estin
1844 1635 1971 1662 sensu

310 1701 431 1735 quam
460 1691 544 1726 fuit
571 1693 610 1726 et
637 1700 719 1726 non
748 1692 834 1731 est,
862 1691 929 1726 vel
955 1690 1147 1728 futurum,
1177 1691 1297 1734 ,quod
1325 1690 1402 1725 erit
1428 1691 1469 1726 et
1494 1690 1676 1726 nondum
1705 1691 1789 1726 est‘.

451 1755 555 1791 Nota
582 1757 719 1791 autem
746 1755 891 1790 horum
919 1755 1130 1791 nominum
1155 1755 1444 1800 praeteritum,
1471 1764 1675 1800 praesens
1703 1756 1744 1790 et
1768 1754 1971 1796 futurum,

310 1830 400 1856 cum
440 1820 480 1855 in
521 1820 808 1865 designatione
849 1819 1035 1855 eiusdem
1074 1820 1273 1864 temporis
1322 1820 1588 1864 accipiuntur,
1628 1820 1736 1855 hunc
1778 1829 1874 1855 esse
1911 1829 1972 1855 or-

311 1885 447 1921 dinem
476 1885 585 1929 quod
613 1884 726 1929 prius
752 1894 820 1920 res
848 1884 986 1929 aliqua
1012 1884 1149 1920 futura
1175 1884 1333 1923 dicitur.
1368 1884 1519 1920 deinde
1547 1884 1637 1929 ipsa
1671 1893 1875 1929 praesens
1901 1893 1971 1920 vo·
1991 1888 2026 1913 25

311 1952 437 1989 catur,
465 1949 631 1985 tandem
659 1950 884 1994 praeterita
911 1949 1058 1985 eadem
1086 1949 1328 1994 appellatur.
1380 1949 1479 1985 Cum
1507 1959 1607 1985 vero
1645 1949 1810 1985 diversa
1845 1949 1973 1985 nomi-

311 2017 461 2051 nantur
486 2015 550 2050 his
578 2014 829 2050 nominibus:
868 2023 1080 2059 praesens,
1115 2014 1384 2059 praeteritum
1412 2015 1452 2050 et
1478 2013 1667 2055 futurum,
1703 2014 1972 2059 praeteritum

310 2082 472 2124 tempus
512 2079 734 2123 praecedit,
775 2079 882 2123 quod
917 2079 1055 2114 statim
1101 2079 1286 2123 sequitur
1323 2088 1536 2123 praesens,
1576 2079 1744 2115 tandem
1780 2078 1971 2114 futurum.

311 2144 482 2179 Videtur
509 2146 645 2179 autem
672 2144 751 2180 hoc
778 2153 929 2179 nomen
965 2146 1128 2188 tempus
1164 2153 1246 2179 non
1283 2144 1414 2179 solum
1449 2144 1664 2179 nominare
1701 2143 1971 2189 quantitatem

312 2209 362 2244 de
391 2218 472 2253 qua
498 2208 667 2253 agimus,
695 2218 839 2244 verum
866 2209 991 2244 etiam
1021 2209 1162 2244 aerem
1183 2218 1275 2244 cum
1297 2208 1458 2245 dicitur:
1487 2218 1691 2250 ‚serenum
1711 2210 1874 2254 tempus
1896 2209 1970 2244 est‘
1991 2211 2026 2238 3⁰

311 2274 376 2309 vel
403 2283 471 2309 res
500 2274 681 2313 venales,
710 2283 801 2309 cum
829 2273 975 2309 dicitur
1002 2282 1154 2314 ,carum
1180 2275 1343 2318 tempus
1371 2275 1457 2309 est‘.

454 2337 636 2378 Quaeri
663 2339 800 2374 autem
828 2338 944 2379 solet,
981 2338 1077 2382 quid
1114 2338 1166 2374 sit
1200 2338 1309 2380 illud,
1346 2338 1455 2383 quod
1491 2339 1548 2374 ait
1583 2338 1772 2374 TuIIIus
1809 2337 1851 2374 in
1885 2337 1972 2374 Re-

312 2403 553 2439 thoricalt
594 2402 783 2447 ,Tempus
820 2404 883 2438 est
918 2412 1015 2447 pars
1043 2403 1247 2447 quaedam
1275 2403 1532 2439 aeternitatis
1559 2412 1652 2439 cum
1678 2404 1792 2439 certa
1819 2402 1972 2438 dimen-

313 2467 454 2507 sione,
488 2476 541 2502 an
574 2470 742 2508 <verum
769 2466 876 2508 sit>‘.'
927 2467 1009 2503 Sed
1043 2466 1230 2512 profecto
1262 2467 1442 2503 fortasse
1479 2467 1770 2503 aeternitatem
1806 2465 1972 2502 vocabit

312 2531 445 2576 ipsam
472 2531 547 2567 Dei
572 2531 775 2566 infinitam
796 2531 1136 2576 permanentiam,
1164 2531 1280 2567 cuius
1302 2531 1606 2576 quodammodo
1628 2533 1791 2576 tempus
1810 2532 1971 2576 partem
1991 2534 2025 2559 35

313 2605 409 2631 esse
437 2596 548 2634 dixit.
577 2605 626 2632 eo
655 2596 823 2635 scilicet,
851 2596 961 2640 quod
988 2598 1150 2641 tempus
1179 2597 1484 2641 quodammodo
1511 2596 1553 2632 in
1574 2605 1625 2632 ea
1645 2596 1886 2638 includatur,
1913 2595 1972 2632 ita

313 2660 469 2696 scilicet
496 2660 604 2704 quod
632 2660 691 2696 sic
718 2670 809 2696 cum
837 2670 887 2696 ea
914 2662 1076 2705 tempus
1104 2662 1178 2701 est,
1205 2662 1249 2696 ut
1274 2671 1358 2697 non
1380 2670 1548 2706 semper
1568 2670 1660 2697 cum
1681 2669 1731 2697 ea
1750 2660 1874 2697 fuerit
1893 2669 1972 2697 nec

454 2789 473 2819 9
502 2788 589 2820 Post
615 2788 637 2819 s.
667 2788 710 2820 26
735 2787 955 2828 ponendum
983 2789 1035 2820 est
1064 2789 1085 2820 s.
1113 2789 1169 2825 30,
1206 2788 1310 2828 quod
1340 2797 1469 2821 errore
1501 2789 1659 2828 liyanlis
1690 2788 1749 2820 hic
1781 2788 1915 2820 excidit
1939 2788 1973 2820 et

309 2848 398 2887 post
419 2847 441 2879 s.
465 2848 509 2879 29
528 2847 700 2886 sequitur
810 2848 851 2878 15
879 2846 965 2879 illud
994 2855 1140 2887 quoque
1161 2848 1193 2878 A
1291 2847 1333 2879 23
1361 2848 1453 2880 haec
1476 2848 1624 2880 nomina
1643 2847 1673 2879 A
1772 2846 1814 2878 24
1843 2847 1920 2879 eius
1941 2846 1970 2878 A

314 2906 356 2937 34
380 2907 469 2946 post
495 2914 541 2937 an
568 2907 621 2937 est
648 2906 789 2937 lacuna
816 2906 855 2937 in
883 2906 961 2938 cod.
1084 2906 1127 2937 35
1156 2914 1284 2946 pacem
1311 2906 1341 2938 A

455 2982 465 3003 ¹
495 2982 670 3020 Cicero,
692 2982 744 3014 De
755 2983 971 3014 inventione
991 2982 1011 3014 l.
1035 2982 1058 3020 Ι,
1081 2990 1109 3014 c.
1126 2982 1179 3021 39,
1203 2983 1256 3014 ed.
1281 2983 1319 3015 G.
1335 2982 1583 3021 Friedrich,
1606 2982 1751 3022 Lipsiae
1772 2978 1970 3021 (Teubner)

316 3041 404 3072 1840
433 3037 633 3082 (Ciceronis
660 3049 776 3081 opera
802 3042 824 3072 t.
852 3040 875 3079 Ι,
904 3050 937 3081 p.
967 3041 1031 3073 142
1043 3039 1105 3079 2³J:
1145 3041 1314 3081 ,Tempus
1349 3043 1467 3073 autern
1502 3043 1584 3073 est.
1607 3066 1614 3073 .
1637 3067 1644 3073 .
1666 3049 1754 3081 pars
1790 3040 1971 3081 quaedam

317 3100 542 3131 aeternitatis
571 3108 649 3132 cum
677 3100 829 3131 alicuius
857 3100 976 3138 annui,
1004 3100 1178 3131 menstrui
1201 3126 1207 3131 .
1230 3126 1236 3131 .
1260 3126 1266 3131 .
1289 3101 1397 3140 spatii
1425 3102 1526 3132 certa
1552 3098 1842 3140 significatione.‘
