2200 3387
177 755 306 788 novun.

153 814 185 844 p.
200 803 270 835 21⁰¹.)
282 802 305 835 ,ἱ

343 224 405 256 llll
755 225 857 256 l‘eter
885 224 1085 256 Alutelards
1115 225 1245 264 liogiea
1274 224 1595 264 .ingredientiluis‘.

340 321 608 364 ‹ptantitatem
640 331 718 355 non
749 321 978 365 comparari
1017 331 1088 365 per
1124 321 1201 355 boe.
1242 322 1348 365 quod
1389 331 1468 356 non
1508 321 1654 356 dicitur
1690 322 1851 365 tempus
1888 320 1995 356 aliud

339 385 418 419 alio
441 384 582 427 magis.
638 384 753 419 l‘nde
777 384 926 428 ubique
949 384 1220 419 substantiale
1245 394 1393 419 nomen
1417 384 1613 428 temporis
1636 384 1870 428 accipimus.
1893 384 1997 420 sicut

340 453 378 484 et
409 459 556 483 nomen
588 450 845 484 substantiae
874 450 936 484 vel
967 449 1152 493 eorporis
1182 452 1260 484 tam
1290 450 1328 484 in
1357 449 1643 493 designatione
1672 449 1846 484 bominis
1873 449 1996 484 totius

341 524 459 558 quam
488 514 738 559 singularum
771 515 940 558 partium
973 514 1071 549 eius.
1125 514 1283 558 Quippe
1313 514 1415 549 stent
1451 513 1720 549 substantiale
1756 523 1905 557 corpus
1942 513 1998 549 di-

340 588 462 614 versa
499 589 577 613 non
608 578 713 614 dicit.
743 579 830 613 sive
866 579 917 613 sit
954 589 1103 614 nomen
1142 579 1313 623 partium
1353 579 1442 614 sive.
1470 579 1802 623 compositorum.
1839 578 1894 614 ita
1921 587 2032 615 nec5

341 644 505 679 diversa
535 647 695 688 tempus
724 647 868 679 notare
903 643 1074 678 videtur.
1128 643 1251 678 Linea
1289 653 1388 678 vero
1426 644 1490 679 vel
1528 645 1758 679 ceterorum
1799 643 1999 688 composi-

340 712 469 744 torum
501 709 676 743 nomina.
705 718 810 752 quae
841 718 919 743 una
950 708 1189 743 naturaliter
1216 708 1415 744 videntur.
1445 708 1641 752 specialia
1669 708 1775 743 bene
1798 708 1998 744 videntur.

481 775 653 817 Proprie
680 776 833 815 dulei*
874 773 1075 808 'l'ractatis
1099 773 1257 808 duabus
1278 773 1501 817 propositis
1523 773 1795 808 divisionibus
1818 773 2000 808 ostendit

340 840 377 874 in
408 840 467 874 eis
496 838 682 874 com-ludi
712 848 759 872 ea
790 848 896 881 qnae
926 838 1089 882 proprie
1119 838 1309 873 videntur
1332 838 1596 882 quantitates.
1618 837 1796 881 ideoque
1819 837 2000 873 ostendit

341 905 543 948 quaedam
574 903 738 947 proprie
768 903 1048 947 princspaliter
1076 903 1152 938 dici
1182 903 1446 947 quantitates,
1475 912 1582 947 quae
1611 903 1705 938 inde
1744 913 1795 938 ex
1832 902 2053 947 propriam

341 973 485 1004 natura
516 969 553 1003 in
583 978 628 1002 se
659 968 754 1012 ipsis
785 968 1036 1011 quantitates
1066 971 1170 1004 sunt.
1199 968 1402 1011 quaedam
1433 968 1657 1003 secundum
1681 967 1888 1008 accidens
1918 977 1999 1003 non

341 1034 533 1069 videlieet
561 1044 612 1068 ex
642 1044 699 1068 se.
729 1034 801 1067 sed
832 1033 965 1077 potius
1003 1043 1055 1068 ex
1093 1033 1388 1077 quantitatibus
1425 1033 1714 1068 comitantibus
1752 1043 1824 1068 eas
1852 1033 1919 1068 vel
1946 1032 2000 1068 di-

341 1099 624 1134 mensionibus
654 1108 759 1141 quae
788 1098 926 1133 insunt
949 1108 1020 1142 per
1040 1098 1301 1142 quantitates,
1355 1098 1420 1133 Sic
1442 1098 1580 1141 iunge:
1608 1097 1666 1133 Ea
1687 1107 1793 1142 quae
1813 1097 2001 1142 superius

342 1164 470 1208 posui.
499 1164 750 1207 quantitates
774 1164 963 1198 dicuntur
985 1165 1024 1198 et
1046 1163 1209 1207 proprie
1233 1164 1335 1198 baec
1358 1163 1456 1198 sola.
1509 1163 1588 1198 Sed
1612 1163 1645 1197 si
1665 1163 1743 1198 1100
1765 1163 1815 1198 ad
1838 1172 2000 1208 compo-

341 1230 441 1265 sitas
471 1229 722 1273 quantitates
752 1229 992 1264 referamus.
1027 1238 1130 1272 quas
1158 1228 1269 1263 solas
1301 1228 1337 1263 in
1367 1228 1638 1263 divisionibus
1676 1228 1998 1272 comprehendit,
2022 1235 2054 1260 15

341 1295 435 1339 quid
465 1295 648 1329 dicemus
677 1294 727 1329 de
756 1292 1036 1337 simplicibus?
1088 1293 1186 1328 Num
1218 1294 1257 1328 et
1286 1293 1493 1337 simplices
1523 1293 1774 1336 quantitates
1812 1293 2001 1329 dicuntur

342 1362 380 1395 et
421 1360 542 1395 etiam
585 1359 716 1403 magis
754 1358 948 1403 proprie?
1000 1358 1078 1393 Sed
1120 1359 1300 1393 fortasse
1341 1358 1433 1393 illud
1477 1358 1585 1395 ,sola
1627 1358 1677 1393 ad
1718 1357 1999 1394 exclusionem

342 1435 480 1461 eorum
511 1427 664 1460 tantum
695 1425 977 1469 oppositorum
1008 1424 1170 1468 ponitur
1197 1434 1303 1468 quae
1332 1424 1369 1458 in
1404 1423 1586 1467 partibus
1609 1432 1749 1458 earum
1772 1432 1854 1459 non
1875 1422 2002 1469 conti-

342 1493 500 1526 nentur.
529 1491 634 1525 sicut
663 1496 701 1525 et
730 1490 894 1533 quando
923 1490 1112 1524 dicimus:
1152 1489 1275 1523 .solus
1314 1488 1508 1524 Socrates
1546 1490 1610 1524 est
1638 1473 1687 1523 ‘in
1725 1488 1870 1528 (10111οκ
1906 1488 2002 1524 110οῒ

341 1558 480 1600 partes
510 1556 597 1590 eins
626 1565 706 1589 non
746 1555 826 1589 sint
860 1554 1063 1591 Socrates.
1101 1556 1237 1590 tamen
1274 1554 1326 1589 ad
1363 1554 1646 1589 exclusionem
1686 1563 1826 1589 earum
1864 1554 1999 1592 ,solus‘
2021 1561 2055 1586 20

342 1630 422 1656 non
452 1621 624 1665 ponitur.
678 1619 758 1655 Sed
787 1620 819 1654 si
849 1620 1085 1655 bicubitatio
1115 1619 1322 1664 quantitas
1349 1619 1401 1654 sit
1429 1619 1594 1654 diversa
1621 1618 1785 1663 quidem
1822 1628 1847 1654 a
1880 1619 2000 1659 linea,

341 1686 434 1730 quid
459 1685 670 1721 dicemus?
711 1685 903 1720 Fortasse
926 1685 984 1720 sic
1005 1685 1164 1720 facilius
1188 1685 1414 1719 solvemus:
1443 1685 1521 1719 hae
1544 1684 1670 1721 solae,
1697 1684 1736 1719 id
1759 1684 1823 1719 est
1844 1693 1895 1720 ea
1914 1684 2002 1720 sola

342 1760 448 1795 quae
477 1753 571 1786 sunt
599 1751 648 1786 de
678 1752 822 1785 natura
856 1751 1036 1785 istarum.
1071 1750 1110 1785 id
1148 1750 1211 1785 est
1247 1759 1468 1785 mensurae
1503 1749 1608 1784 sicut
1644 1749 1760 1784 istae.
1811 1748 1876 1784 Ad
1902 1750 2002 1784 haec

341 1817 465 1851 enim.
521 1816 665 1851 Reddit
694 1825 872 1852 cansam.
901 1825 1027 1859 quare.
1057 1815 1207 1850 dixerit
1233 1814 1314 1850 alia
1342 1816 1392 1850 ab
1420 1815 1510 1850 istis
1532 1814 1782 1859 quantitates
1804 1813 1883 1849 dici
1905 1823 2002 1858 quo-

343 1882 560 1925 quomodo.
589 1881 682 1925 quia
712 1881 867 1916 scilicet
904 1891 978 1915 nos
1016 1881 1095 1915 alia
1124 1890 1322 1915 vocamus
1351 1879 1603 1924 quantitates
1636 1879 1911 1924 respicientes
1948 1879 1997 1915 ad
2021 1883 2056 1909 25

343 1947 456 1982 baec.
485 1947 521 1981 id
552 1949 613 1981 est
643 1946 691 1981 ad
723 1955 843 1981 veras
873 1945 1135 1989 quantitates.
1170 1947 1364 1989 respectu
1393 1954 1564 1989 quarum
1592 1945 1673 1980 alia
1709 1944 1907 1985 dicuntur,
1935 1944 2001 1980 vel

342 2012 615 2055 respicientes
655 2012 704 2046 ad
747 2020 868 2046 veras
907 2010 1171 2054 quantitates,
1206 2010 1261 2045 ita
1299 2010 1457 2045 scilicet
1492 2012 1533 2044 nt
1567 2009 1699 2053 gratia
1731 2009 1900 2045 istarum
1933 2009 2003 2044 illa

343 2076 594 2120 quantitates
624 2076 818 2110 dicannis.
876 2076 921 2110 [Ἰ
951 2076 1146 2115 mullum,
1175 2076 1250 2109 boc
1280 2076 1343 2109 est
1372 2075 1476 2110 sicut
1503 2075 1638 2110 album
1662 2074 1808 2109 dicitur
1832 2074 2000 2110 multum

344 2150 395 2176 ex
423 2142 678 2175 adhaerente
708 2141 946 2184 (piantitate.
978 2140 1030 2174 ita
1060 2142 1099 2174 ct
1127 2140 1334 2184 quantitas
1366 2139 1501 2174 album
1536 2140 1671 2183 potest
1703 2148 1798 2174 esse
1832 2139 1920 2174 sive
1948 2139 2002 2174 al-

344 2206 449 2241 bedo
479 2206 567 2241 sive
597 2206 823 2241 subiectum
854 2215 1015 2249 corpus.
1071 2205 1114 2240 ΕΙ
1145 2207 1283 2239 molus
1313 2205 1482 2245 utullus,
1519 2204 1614 2248 quia
1641 2204 1797 2239 scilicet
1832 2204 2001 2240 multum
2021 2214 2054 2237 :w

344 2273 407 2306 est
435 2274 595 2315 tempus
622 2280 697 2315 per
724 2271 830 2315 quod
862 2271 989 2305 durat.
1045 2270 1180 2314 Neque
1207 2270 1332 2304 enim.
1387 2269 1493 2304 Vere
1530 2269 1719 2304 dicuntur
1752 2268 2002 2313 quantitates

345 2336 570 2370 seeundum
599 2336 805 2371 accidens.
834 2335 927 2379 quia
960 2345 1038 2369 non
1069 2335 1294 2369 secundum
1326 2344 1382 2369 se.
1411 2334 1448 2369 id
1479 2335 1543 2369 est
1570 2334 1734 2378 proprie
1763 2343 1815 2369 ex
1835 2333 2002 2378 propria

344 2403 501 2436 natura.
555 2401 614 2435 Ab
643 2400 899 2436 immediatis,
929 2392 1030 2435 cum‘
1047 2401 1218 2435 alterum
1249 2400 1421 2434 constet.
1472 2398 1520 2434 Et
1548 2399 1624 2434 1100
1652 2400 1731 2434 est:
1759 2399 1911 2434 nullum
1932 2399 2003 2434 ho-

344 2476 428 2500 rum
460 2466 580 2500 modo
611 2465 929 2508 praemissorum
961 2474 1033 2508 per
1055 2474 1100 2499 se
1123 2464 1330 2508 quantitas
1352 2464 1508 2501 dicitur,
1531 2473 1667 2508 neque
1689 2463 1845 2499 scilicet
1866 2463 2001 2499 album

345 2540 479 2574 neque
509 2530 615 2565 actio
644 2533 778 2573 nequc
808 2532 952 2566 motusv
991 2530 1062 2564 sed
1102 2529 1293 2564 videntur
1327 2529 1461 2573 gratia
1495 2529 1676 2565 alterius.
1714 2529 1755 2564 ut
1791 2528 1900 2564 actio
1939 2537 2002 2564 se·
2022 2542 2055 2567 35

345 2595 518 2630 cundum
558 2596 634 2629 boc
668 2595 775 2638 quod
809 2604 946 2629 annua
981 2594 1127 2629 dicitur
1160 2604 1211 2628 ex
1252 2596 1438 2638 tempore
1478 2603 1554 2637 per
1593 2593 1701 2637 quod
1741 2593 1869 2630 durat.
1908 2592 2002 2628 hinc

345 2660 464 2695 etiam
497 2660 800 2703 quodammodo
829 2659 1039 2702 quantitas
1064 2659 1304 2703 appellatur.
1360 2658 1403 2693 Et
1424 2659 1501 2693 boc
1523 2659 1604 2693 est:
1631 2658 1668 2693 si
1689 2658 1785 2702 quis
1805 2657 2003 2701 assignet,

346 2725 381 2759 id
411 2728 473 2759 est
501 2724 758 2761 determinet.
786 2726 948 2768 quanta
977 2724 1030 2758 sil
1058 2724 1182 2763 actim
1209 2723 1434 2758 secundum
1463 2725 1625 2767 tempus
1654 2723 1691 2758 id
1713 2722 1838 2758 faciet
1858 2721 2001 2758 dicens

346 2799 434 2824 cam
465 2799 643 2824 annuam
674 2798 768 2824 esse
798 2789 860 2823 vel
891 2798 970 2832 quo
998 2788 1077 2823 alio
1108 2788 1228 2823 modo
1257 2788 1477 2831 assignans
1512 2797 1603 2823 eam
1638 2787 1708 2827 sic,
1745 2786 1904 2823 scilicet
1940 2795 2002 2822 se-

345 2854 518 2890 cundum
531 2854 694 2898 aliquod
711 2854 937 2898 temporale
955 2853 1197 2889 vocabulum
1214 2853 1356 2888 dicens
1372 2853 1435 2887 vel
1452 2855 1703 2888 menstruam
1721 2852 1786 2887 vel
1803 2851 2001 2887 diurnam.
2022 2864 2055 2888 40

347 2920 514 2960 (suanm
539 2918 663 2952 1011111.
713 2919 817 2952 Vere
841 2918 1065 2953 secundum
1091 2916 1355 2961 superficiem
1377 2916 1717 2952 determinabitur
1737 2915 1884 2956 album,
1907 2914 2003 2959 quia

348 2983 422 3017 boe
451 2983 583 3018 modo.
612 2983 719 3027 quod
749 2982 904 3018 scilicet
933 2982 1040 3017 dicet
1068 2984 1222 3017 tantum
1253 2991 1347 3017 esse
1376 2981 1522 3019 albuin,
1562 2978 1715 3025 quanta
1752 2980 1828 3015 erit
1863 2988 2002 3024 super-

489 3093 530 3123 211
558 3093 628 3123 sint
657 3101 724 3123 non
753 3092 778 3123 A
883 3093 924 3123 22
955 3090 1054 3131 quid}
1084 3101 1190 3131 quam
1222 3092 1246 3121 ,1
1351 3092 1387 3122 41
1420 3091 1565 3126 Quanta
1591 3090 1717 3122 Bnefh.
1771 3089 1931 3122 C...ita
1960 3089 2000 3120 Λ.
