2200 3387
458 246 488 277 2.
518 243 583 278 Die
610 244 765 278 Glossen
795 254 837 278 zu
867 246 935 278 den
966 245 1199 285 Kutegoricn.
1229 264 1266 267 —-
1301 244 1351 277 lle
1379 246 1672 278 denominativis.
1835 243 1899 278 127

225 342 290 378 vel
319 342 471 378 animal
500 343 565 379 vel
595 343 808 380 rationale.
847 342 951 378 haec
979 342 1158 379 nomina.
1197 352 1303 387 quae
1333 343 1585 379 universalia
1613 346 1718 381 sunt,
1756 344 1811 379 ita
1847 343 1898 379 de

225 407 303 442 hoc
341 406 508 442 nomine
544 407 654 451 quod
689 409 754 442 est
779 406 1036 447 <Socrates>.
1075 406 1369 450 praedicantur
1406 407 1579 451 singula.
1618 408 1725 451 quod
1755 417 1896 443 eorum

224 471 436 507 sententia
473 473 558 506 tota
595 471 632 506 in
673 470 750 506 boc
786 470 953 506 nomine
982 470 1198 509 ‚Socrates
1237 470 1457 506 includitur
1494 481 1570 506 nec
1608 475 1780 516 possunt
1809 471 1899 516 ipsa

225 535 392 572 nomina
424 535 578 571 abesse
612 535 669 571 rei
707 544 814 579 quae
843 536 1039 570 Socrates
1074 537 1148 573 est.
1187 535 1414 570 secundum
1444 544 1612 570 causam
1643 545 1744 570 suae
1775 536 1899 580 impo-

187 604 203 628 5
223 601 386 637 sitionis
416 602 583 645 praeter
609 600 917 645 corruptionem
948 599 1075 645 ipsius
1103 599 1299 636 Socratis.
1353 600 1427 636 Ubi
1457 600 1565 636 enim
1595 600 1789 636 Socrates
1828 602 1896 636 ali-

224 667 320 712 quid
358 667 501 702 horum
539 665 734 704 amiserit.
771 668 987 710 perempto
1016 665 1209 702 videlicet
1242 665 1280 701 in
1317 676 1363 701 sc
1391 676 1442 701 eo
1471 668 1579 701 statu
1608 676 1660 702 ex
1690 676 1770 710 quo
1800 677 1894 702 con-

224 732 460 769 veniebant.
498 733 539 766 ut
575 731 608 766 si
636 731 844 767 hominem
874 740 970 767 esse
999 731 1161 767 amittat
1188 731 1254 767 vel
1282 740 1379 767 esse
1407 731 1560 767 animal
1589 732 1655 767 vel
1684 731 1898 771 rationale.

224 805 305 832 non
328 796 459 831 solum
482 795 716 834 mutabitur.
745 804 888 831 verum
911 795 1034 830 etiam
1058 795 1097 830 in
1121 795 1356 831 substantia
1377 797 1675 840 corrumpetur.
1725 796 1776 831 At
1797 805 1898 831 vero

223 861 256 896 si
284 861 361 896 lioc
389 860 525 895 album
555 860 723 895 deserat
750 869 847 896 esse
876 859 1024 897 album.
1054 869 1134 895 non
1162 860 1255 896 ideo
1279 860 1317 895 in
1341 860 1577 896 substantia
1597 863 1899 906 corrumpetur,

172 928 203 953 ¹0
223 935 312 962 cum
343 925 494 961 nullum
523 925 617 960 ideo
645 925 885 970 generalem
912 925 978 961 vel
1007 925 1234 970 specialem
1262 927 1414 961 statum
1443 935 1621 962 necesse
1643 926 1693 961 sit
1716 926 1860 971 perimi
1878 929 1899 961 ¹.

223 991 311 1027 Dici
339 990 478 1035 itaque
506 990 557 1026 de
585 990 772 1026 subiecto
800 990 998 1026 convenit
1025 991 1216 1026 omnibus
1245 992 1326 1026 tam
1349 991 1573 1036 generibus
1597 1001 1718 1036 quam
1742 991 1900 1036 specie-

222 1057 309 1094 bus,
345 1056 642 1100 cuiuscumque
679 1055 761 1091 sint
788 1056 1128 1101 praedicamenti.
1167 1058 1359 1101 respectu
1389 1066 1559 1092 suorum
1587 1057 1827 1092 inferiorum
1859 1059 1898 1092 et

224 1122 395 1167 insuper
421 1121 668 1157 differentiis
697 1123 891 1166 respectu
920 1121 1153 1166 specierum
1184 1121 1248 1157 vel
1278 1122 1583 1158 individuorum
1613 1132 1767 1158 earum.

342 1187 384 1222 In
418 1186 607 1222 subiecto
641 1188 780 1222 autem
808 1196 905 1222 esse
934 1196 1016 1222 vox
1044 1187 1113 1223 illa
1144 1187 1291 1223 dicitur
1312 1197 1419 1231 quae
1448 1187 1608 1223 formae
1630 1188 1900 1224 accidentalis

173 1257 204 1281 1⁵
225 1262 375 1288 nomen
413 1255 477 1288 est
513 1252 578 1288 vel
615 1252 890 1288 substantiale
925 1252 989 1288 vel
1025 1254 1244 1297 sumptum.
1282 1255 1323 1288 ut
1351 1253 1500 1289 albedo
1530 1254 1594 1289 vel
1623 1253 1779 1294 album:
1818 1263 1898 1289 non

225 1318 303 1354 dici
331 1327 432 1354 vero
460 1317 512 1354 de
540 1317 728 1353 subiecto
751 1317 816 1353 vel
839 1327 921 1353 non
944 1326 1041 1353 esse
1063 1317 1102 1353 in
1126 1318 1314 1354 subiecto
1337 1328 1411 1363 per
1430 1319 1684 1354 contrarium
1706 1319 1900 1364 intellige.

343 1383 390 1419 Et
411 1385 543 1421 nota.
559 1383 669 1428 quod
689 1382 768 1418 dici
784 1382 834 1418 de
857 1383 1056 1421 subiecto.
1074 1383 1183 1428 quod
1200 1383 1566 1419 scilicetconvenit
1580 1384 1900 1425 universalibus,

225 1449 391 1494 proprie
428 1457 600 1484 vocum
639 1450 719 1489 est;
757 1457 854 1484 esse
891 1458 992 1484 vero
1029 1448 1069 1484 in
1106 1448 1307 1487 subiecto.
1345 1449 1440 1485 licet
1467 1449 1592 1485 etiam
1621 1449 1660 1484 in
1689 1449 1900 1485 vocibus

224 1514 303 1550 hoc
330 1514 421 1549 loco
449 1513 705 1554 attribuatur,
742 1514 882 1549 tamen
910 1513 1078 1558 proprie
1106 1523 1267 1549 rerum
1296 1515 1371 1553 est,
1409 1514 1505 1559 quia
1541 1514 1708 1559 proprie
1736 1524 1805 1550 res
1834 1515 1900 1551 vel

171 1583 206 1609 ‘20
224 1579 496 1616 fundamenta
523 1578 713 1615 dicuntur
739 1579 805 1614 vel
832 1578 1017 1615 fundata.
1071 1578 1259 1619 Quodam
1287 1581 1427 1616 tamen
1456 1580 1579 1615 modo
1608 1580 1742 1625 gratia
1763 1589 1904 1616 rerum

225 1644 552 1690 significatarum
590 1643 694 1680 haec
732 1653 897 1689 quoque
925 1644 1132 1680 vocabula
1158 1644 1332 1680 vocibus
1361 1646 1564 1689 aptantur.
1618 1644 1723 1685 Quia
1760 1645 1900 1690 itaque

225 1709 304 1745 dici
333 1709 601 1758 desubiecto
628 1709 802 1745 vocibus
829 1709 996 1754 proprie
1025 1711 1066 1745 et
1095 1718 1170 1754 per
1196 1719 1242 1745 se
1271 1709 1390 1747 inest.
1428 1720 1510 1745 non
1540 1710 1733 1746 videlicet
1767 1711 1901 1755 gratia

226 1774 398 1810 alicuius
424 1774 485 1810 rei
512 1774 725 1810 subiectae
753 1783 860 1819 quae
889 1775 939 1810 de
968 1775 1156 1810 subiecto
1185 1775 1355 1813 dicatur.
1387 1784 1483 1811 esse
1511 1784 1612 1811 vero
1642 1776 1680 1811 in
1710 1775 1898 1811 subiecto

226 1839 359 1885 gratia
394 1848 532 1875 rerum
569 1839 743 1875 vocibus
782 1841 958 1884 aptatur,
996 1840 1103 1876 bene
1137 1840 1233 1875 illud
1261 1849 1388 1876 voces
1416 1850 1470 1876 ex
1498 1850 1544 1876 se
1572 1841 1728 1876 habere
1757 1841 1900 1878 innuit.

172 1914 206 1938 :5
225 1914 316 1941 cum
344 1905 417 1941 ait:
446 1904 670 1944 ‚dicuntum
698 1905 795 1949 quia
822 1905 980 1941 scilicet
1008 1905 1087 1941 dici
1108 1905 1276 1950 proprie
1304 1915 1453 1941 vocum
1476 1908 1550 1944 est.
1588 1906 1685 1942 illud
1713 1915 1814 1942 vero
1843 1916 1897 1942 ex

226 1971 360 2011 rebus,
388 1979 480 2006 cum
508 1969 627 2006 dixit:
665 1974 796 2011 ‚esse‘.
824 1970 922 2015 quia
951 1970 1143 2006 videlicet
1170 1980 1266 2007 esse
1295 1971 1462 2016 proprie
1490 1980 1628 2007 rerum
1657 1974 1731 2007 est.

344 2035 446 2072 Cum
473 2037 610 2071 autem
640 2036 825 2072 membra
852 2035 1081 2077 divisionis.
1110 2036 1269 2072 scilicet
1297 2036 1376 2073 dici
1405 2037 1456 2073 de
1484 2036 1672 2073 subiecto
1702 2039 1790 2075 etc..
1818 2047 1900 2073 non

226 2102 358 2138 solum
395 2101 738 2137 substantialibus
776 2101 1023 2140 nominibus.
1066 2111 1211 2138 verum
1252 2102 1378 2138 etiam
1418 2102 1592 2147 sumptis
1633 2095 1897 2140 conveniant.

226 2167 316 2212 ipse
344 2168 483 2203 tamen
512 2166 563 2203 de
589 2167 933 2203 substantialibus
954 2169 1111 2203 tantum
1135 2167 1371 2204 nominibus
1391 2168 1498 2204 hanc
1521 2167 1769 2204 divisionem
1791 2168 1900 2204 facit.

173 2240 207 2265 30
228 2232 345 2268 Unde
373 2232 480 2268 bene
508 2232 581 2268 ait:
619 2241 774 2271 ,eorum
801 2241 909 2277 quae
937 2234 1055 2273 sunt,
1092 2233 1132 2269 id
1169 2234 1233 2269 est
1270 2233 1480 2269 nominum
1510 2242 1617 2278 quae
1646 2233 1685 2269 in
1714 2234 1901 2270 essentia

228 2305 314 2332 rem
334 2295 581 2341 significant.
604 2305 686 2332 non
708 2296 867 2333 scilicet
887 2306 941 2332 ex
956 2297 1165 2333 adiacenti
1180 2298 1338 2333 tantum
1360 2296 1505 2333 forma.
1547 2297 1589 2333 In
1611 2307 1692 2342 quo
1709 2297 1902 2334 differen-

228 2362 325 2398 tiam
362 2362 543 2398 insinuat
579 2361 687 2397 inter
723 2361 843 2398 istam
882 2363 923 2398 et
959 2362 1219 2407 superiorem
1257 2362 1515 2398 divisionem.
1567 2363 1669 2399 Nam
1707 2363 1899 2407 quoniam

229 2426 296 2462 illa
323 2426 461 2462 omnia
487 2427 656 2463 nomina
682 2429 766 2463 tam
794 2429 959 2472 sumpta
987 2436 1109 2472 quam
1137 2427 1218 2463 alia
1246 2427 1494 2467 includebat,
1530 2437 1611 2464 non
1646 2428 1743 2464 dicit
1772 2431 1901 2466 ,sunta

229 2491 304 2528 sed
332 2491 555 2533 .dicuntur·,
591 2493 701 2538 quod
738 2502 957 2529 commune
995 2494 1059 2529 est
1087 2493 1281 2529 omnium.
1335 2493 1408 2529 Hic
1432 2502 1534 2529 vero
1563 2493 1666 2529 dixit
1695 2495 1822 2531 .sunt·,
1860 2496 1902 2530 ut

175 2566 209 2590 ³5
230 2557 322 2593 sola
347 2557 638 2593 substantialia
667 2558 888 2603 acciperet,
916 2567 1006 2594 cum
1032 2560 1171 2594 tamen
1194 2559 1381 2594 membra
1401 2556 1630 2595 dividentia
1657 2568 1739 2594 non
1768 2559 1899 2595 solum

230 2622 574 2658 substantialibus
601 2622 866 2659 conveniant.
918 2623 1018 2660 Nam
1048 2623 1252 2659 rationale
1281 2625 1321 2660 et
1349 2623 1427 2659 dici
1456 2624 1506 2660 de
1535 2624 1723 2660 subiecto
1752 2627 1792 2660 et
1819 2634 1900 2660 non

231 2695 328 2723 esse
356 2686 396 2722 in
423 2686 613 2723 subiecto
641 2687 824 2723 dicturus
853 2689 918 2723 est
943 2687 982 2723 in
1006 2687 1330 2724 Substantia²
1358 2690 1399 2724 et
1420 2688 1556 2724 album
1580 2698 1745 2733 quoque
1768 2698 1902 2733 sump—

231 2754 313 2788 tum
351 2753 393 2787 ut
429 2751 626 2788 accidens
654 2752 898 2797 praedicari.
950 2753 1054 2788 Niliil
1082 2754 1220 2789 autem
1249 2753 1430 2798 impedit.
1465 2753 1498 2789 si
1527 2753 1755 2789 dividentia
1782 2763 1903 2789 exce-

229 2817 328 2853 dant
364 2816 549 2855 diviSum.
586 2817 709 2852 immo
746 2817 824 2853 hoc
860 2817 1095 2862 proprietas
1132 2818 1252 2853 liuius
1290 2818 1507 2854 divisionis
1545 2818 1673 2863 exigit
1700 2827 1808 2862 quae
1837 2820 1901 2854 est

178 2893 210 2915 ω
231 2881 459 2918 accidentis
488 2881 527 2917 in
555 2881 800 2918 accidentia.

373 3004 392 3036 2
421 3013 494 3044 qua
520 3006 576 3035 est
602 3003 629 3035 Α
731 3005 773 3034 :315
801 3006 837 3035 et
865 3013 934 3036 non
963 3004 1020 3036 bis
1043 3005 1154 3045 pouit
1182 3005 1207 3037 Α
1310 3006 1352 3036 39
1382 3003 1492 3045 quael
1522 3005 1618 3045 quod
1648 3005 1674 3037 A

375 3072 383 3089 ¹
413 3075 464 3107 Cr.
492 3083 614 3116 supra
643 3075 679 3107 ῖη
710 3075 856 3107 (Hassis
882 3085 998 3116 super
1024 3076 1174 3116 Porph„
1204 3085 1236 3116 p.
1266 3072 1438 3108 ,ΜΝ-12.

371 3134 386 3155 '-'
414 3134 560 3166 Boetli.
590 3134 611 3165 1.
640 3144 679 3170 (·.,
709 3143 742 3174 p.
774 3134 920 3167 18313C.

303 3194 415 3222 lleitr.
438 3195 508 3222 xxi.
548 3196 686 3228 Geyer.
710 3195 879 3222 Almelurds
900 3195 1006 3228 philus.
1029 3196 1188 3222 Solu-iiten.
1740 3198 1759 3225 §l
