2200 3387
520 273 550 304 2.
580 272 643 305 Die
672 272 827 305 Glossen
856 281 898 304 zu
927 272 995 304 den
1027 273 1258 313 lx'ategorien.
1289 290 1331 294 —-
1360 273 1411 305 lle
1439 273 1631 313 oppositis.
1847 271 1907 305 2⁸1

239 377 263 403 a
292 369 438 404 rebus
468 372 655 405 removet
681 378 825 405 verum
855 371 894 405 et
923 369 1083 406 falsum.
1106 368 1214 413 quod
1237 369 1501 405 affirmationi
1526 372 1565 405 et
1587 370 1797 414 negationi
1821 380 1917 406 con-

240 433 362 470 venit.
391 436 556 479 oportet
583 443 724 470 verum
754 436 793 470 ct
823 434 968 470 falsum
997 434 1190 478 accipere
1219 434 1324 470 sicut
1352 434 1618 470 affirmationi
1643 437 1682 470 et
1706 435 1916 479 negationi

238 499 501 536 conveniunt.
530 499 709 545 alioquin
740 499 1017 535 differentiam
1055 508 1136 534 non
1174 499 1372 535 facerent.
1428 499 1619 535 Dicamus
1658 500 1796 544 itaque
1837 510 1916 536 res

240 573 320 599 non
349 573 445 600 esse
475 573 596 599 veras
626 564 688 600 vel
717 563 846 599 falsas
884 574 934 599 eo
973 563 1095 598 modo
1133 572 1212 607 quo
1248 565 1342 598 sunt
1379 563 1760 608 propositiones
1790 574 1915 600 verae

201 636 217 661 c·
239 628 303 664 vel
332 628 476 665 falsae.
513 629 590 665 hoc
625 631 689 665 est
716 638 796 664 res
825 628 938 673 ipsas
967 638 1046 664 non
1079 637 1313 673 proponere
1343 637 1484 663 verum
1515 628 1577 664 vel
1619 629 1777 664 falsum.
1807 630 1914 674 quod

185 1292 215 1316 15

0 2596 16 2804 l

239 693 403 739 quidem
433 703 575 731 verum
610 697 683 730 est.
736 694 817 730 Sed
857 693 1065 739 quomodo
1105 695 1251 738 postea
1291 693 1592 729 convenienter
1629 694 1916 730 transierimus

238 759 289 795 ad
319 759 516 796 nomina
543 758 714 795 earum‘.)
768 759 836 796 lta.
875 758 1032 803 inquiet
1069 758 1230 803 aliquis.
1272 758 1381 804 quod
1417 758 1685 795 ostendemus
1728 759 1917 796 nomina

239 833 375 861 rerum
404 834 484 861 non
515 825 753 871 significare
789 834 839 861 ea
867 833 974 869 quac
1011 824 1092 860 sInt
1122 832 1221 860 vera
1250 824 1314 859 vel
1352 823 1469 861 falsa.
1506 824 1540 859 id
1572 828 1634 859 est
1662 834 1767 869 quae
1797 825 1919 870 signi-

238 888 364 925 ficent
392 898 534 925 verum
565 889 628 926 vel
658 889 818 927 falsum.
857 890 1026 934 propter
1064 888 1140 924 noe
1178 888 1335 924 scilicet
1364 889 1472 933 quod
1510 888 1775 933 incomplexa
1809 892 1917 926 sunt.

201 968 206 980 ¹
241 954 348 1000 quia.
378 956 418 990 ut
447 955 533 999 ipsc
562 955 629 990 ait.
659 955 769 990 nulla
789 954 1054 999 incomplexa
1075 954 1152 990 hoc
1176 954 1338 990 liabent.
1392 953 1471 989 Sed
1496 954 1547 990 ad
1571 954 1674 990 llaec
1697 954 1800 991 dico.
1823 955 1917 1000 quia

236 1018 270 1054 si
299 1018 376 1055 hoc
405 1018 709 1055 Aristoteles
737 1018 844 1055 dicit.
873 1018 982 1063 quod
1012 1018 1148 1054 nullae
1177 1028 1328 1054 voces
1358 1018 1648 1064 incomplexae
1677 1018 1914 1064 significent

235 1092 286 1119 ea
313 1093 420 1129 quae
449 1093 592 1120 verum
622 1084 686 1120 vel
714 1084 863 1120 falsum
891 1086 1057 1129 ponant.
1096 1083 1244 1119 falsum
1274 1083 1440 1120 omnino
1480 1083 1586 1120 dicit.
1616 1083 1768 1130 quippe
1806 1085 1914 1120 affir-

236 1148 360 1184 matio
390 1149 454 1185 vel
484 1148 649 1194 negatio
678 1148 968 1194 incomplexae
999 1158 1151 1185 voces
1184 1149 1279 1184 sunt
1313 1151 1354 1184 et
1391 1151 1529 1184 tamen
1568 1148 1805 1195 significant
1843 1158 1916 1185 eas

235 1223 385 1251 voces
413 1223 520 1260 quae
549 1223 692 1250 verum
721 1214 786 1250 vel
814 1214 963 1250 falsum
986 1213 1213 1250 enuntiant.
1267 1213 1354 1250 Non
1379 1213 1516 1259 itaque
1540 1214 1673 1250 visum
1696 1216 1757 1250 est
1781 1214 1913 1252 nobis

236 1281 278 1316 ut
310 1279 361 1316 de
395 1280 544 1316 rebus
578 1280 812 1316 advoces
850 1279 1048 1315 transitus
1085 1279 1163 1315 hoe
1200 1280 1292 1315 loco
1333 1279 1423 1315 fieri
1464 1279 1606 1324 possit.
1647 1280 1720 1316 sed
1762 1280 1826 1316 hie
1864 1280 1914 1316 ‹le

234 1345 443 1382 vocibus
472 1345 622 1390 ubique
652 1345 806 1381 intendi
836 1345 1026 1381 volumus
1063 1346 1103 1381 et
1137 1345 1170 1381 si
1200 1345 1451 1390 quandoque
1489 1345 1539 1381 de
1579 1345 1730 1381 rebus
1767 1348 1916 1391 agatur

235 1410 499 1447 adiunctione
516 1410 810 1457 oppositorum.
833 1410 1097 1455 supraposita
1113 1410 1163 1446 de
1183 1410 1356 1447 vocibus
1379 1412 1536 1446 tantum
1563 1411 1614 1447 ab
1639 1410 1916 1447 Aristotele

234 1476 376 1522 accipi.
404 1485 511 1522 quae
539 1476 706 1522 quidem
733 1486 861 1512 voces
890 1476 1038 1521 partim
1067 1476 1315 1521 complexae
1343 1477 1450 1512 sunt.
1488 1476 1593 1512 sicut
1621 1476 1844 1513 affirmatio
1873 1479 1911 1512 et

234 1542 413 1588 negatio.
441 1542 588 1588 partim
617 1542 908 1587 incomplexae
944 1541 1050 1578 sicut
1087 1543 1256 1577 ceterae
1295 1551 1401 1587 quae
1440 1551 1576 1586 neque
1605 1551 1748 1578 verum
1779 1551 1914 1587 neque

180 1621 202 1644 ει
234 1607 381 1644 falsum
414 1607 661 1654 significant.
702 1607 776 1644 sed
818 1607 997 1644 maxime
1040 1607 1247 1644 removeri
1285 1607 1583 1652 proprietatem
1624 1607 1914 1644 affirmationis

235 1676 276 1711 et
303 1673 538 1719 negationis
566 1683 590 1710 a
617 1673 837 1710 contrariis
866 1673 1038 1709 vocibus
1075 1673 1360 1718 incomplexis,
1395 1673 1505 1718 quod
1544 1673 1710 1718 planum
1751 1675 1815 1709 est
1842 1683 1916 1719 pro

235 1748 285 1776 eo
314 1739 471 1776 scilicet
498 1739 607 1784 quod
642 1738 932 1785 incomplexae
961 1748 1090 1775 voces
1127 1748 1263 1784 neque
1294 1747 1421 1775 verae
1459 1740 1554 1774 sunt
1592 1748 1728 1784 neque
1766 1739 1911 1775 falsae.

234 1805 314 1842 Sed
342 1805 526 1841 maxime
555 1804 765 1841 videbitur
791 1804 896 1840 haee
923 1800 1158 1850 proprietas
1186 1804 1430 1848 continuere
1454 1804 1494 1839 ἰη
1519 1803 1585 1840 his
1607 1804 1779 1840 vocibus
1803 1815 1912 1845 qaae

242 1868 432 1905 dicuntur
459 1869 679 1905 contraria
709 1868 928 1914 complexa
957 1868 1076 1905 sicuti
1113 1868 1153 1904 ln
1191 1868 1547 1913 propositionibus
1581 1868 1700 1904 factis
1739 1869 1790 1905 de
1824 1878 1918 1905 con-

181 1948 196 1972 :
236 1933 373 1970 trariis
401 1932 664 1978 praedicatis.
693 1934 752 1969 ut:
775 1932 971 1969 Socrates
995 1935 1058 1969 cst
1080 1942 1220 1969 sanus.
1249 1931 1445 1969 Socrates
1468 1935 1531 1968 est
1553 1942 1692 1979 aeger.
1715 1932 1918 1971 ‚Maxime‘

235 1997 332 2035 dicit
359 2000 529 2044 propter
556 1998 645 2035 hoc.
680 1998 777 2043 quia
811 1998 901 2043 ipsa
935 1998 1186 2045 sIgniiicatio
1215 1997 1304 2034 veri
1332 1998 1397 2034 vel
1435 1998 1528 2034 falsi
1566 1998 1644 2034 hoc
1678 1998 1717 2034 in
1756 1999 1917 2044 praedi-

234 2065 427 2100 camento
455 2073 538 2100 non
567 2066 641 2101 est.
667 2063 773 2100 sicut
801 2063 872 2100 ibi:
907 2064 1073 2100 Sanum
1104 2074 1300 2109 namque.
1355 2063 1463 2100 Vere
1492 2063 1531 2100 in
1560 2064 1779 2100 contrariis
1808 2074 1917 2101 com-

235 2128 369 2174 plexis
396 2128 559 2165 videtur
586 2129 664 2164 hoc
691 2128 946 2175 contingere.
975 2128 1133 2165 scilicet
1162 2128 1391 2165 dividentia
1413 2128 1499 2164 veri
1528 2128 1594 2165 vel
1622 2128 1724 2166 falsi.
1754 2129 1851 2174 quia
1871 2129 1910 2165 in

235 2193 341 2230 istis:
369 2194 564 2231 Socrates
593 2196 655 2230 est
682 2203 809 2230 sanus
837 2196 878 2230 et
906 2193 1102 2230 Socrates
1131 2195 1194 2230 est
1221 2203 1360 2239 aeger.
1414 2193 1459 2230 Et
1482 2194 1559 2230 hoc
1581 2196 1712 2231 extra.
1742 2196 1782 2230 ct
1803 2195 1911 2231 unde

181 2282 194 2288 --
234 2259 329 2296 hoe:
364 2259 473 2304 quod
500 2258 534 2295 si
561 2259 601 2295 in
630 2259 729 2299 istis,
757 2258 901 2305 [quod]
931 2259 1024 2296 ideo
1052 2259 1092 2295 in
1121 2259 1341 2296 contrariis
1369 2259 1610 2305 complexis.
1665 2259 1863 2307 Assignat
1890 2270 1913 2297 a

234 2334 373 2365 causa.
390 2324 532 2360 dicens
552 2324 711 2361 seilicet
731 2324 836 2361 haec
858 2333 954 2361 esse
976 2324 1185 2361 contraria
1207 2325 1437 2370 complexa.
1479 2325 1525 2361 Et
1546 2325 1625 2361 hoc
1645 2328 1727 2361 est:
1754 2335 1914 2362 sanum

233 2399 317 2425 esse
343 2390 560 2426 Socratem
589 2391 664 2425 etc.
716 2389 828 2426 Haec
857 2389 1085 2435 propositio
1107 2389 1158 2426 ad
1182 2390 1292 2426 illam
1313 2390 1525 2426 contraria
1546 2393 1609 2426 est
1669 2390 1749 2427 Sed
1771 2401 1915 2433 neque.

234 2453 275 2489 In
311 2453 384 2491 llis.
421 2453 641 2490 contrariis
676 2453 835 2490 scilicet
865 2454 1106 2499 complexis,
1146 2454 1327 2490 maxime
1356 2453 1520 2490 videtur
1547 2454 1780 2500 proprietas
1810 2454 1916 2491 affir-

234 2518 427 2555 mationis
455 2520 495 2554 et
522 2519 767 2565 negationis.
796 2519 870 2555 sed
900 2529 981 2555 non
1003 2521 1078 2558 est.
1108 2520 1204 2565 quia
1226 2519 1259 2555 si
1281 2519 1531 2565 quandoque
1552 2520 1739 2556 dividant
1766 2530 1913 2556 verum

234 2584 299 2620 vel
326 2583 485 2621 falsum.
523 2584 617 2620 dum
647 2584 840 2621 videlicet
873 2585 1069 2622 Socrates
1101 2587 1176 2622 est.
1215 2594 1296 2621 non
1326 2595 1504 2631 semper.
1543 2585 1649 2622 sieut
1686 2585 1912 2622 affirmatio

235 2651 275 2685 et
302 2649 479 2695 negatio.
532 2650 637 2686 Γιιηι
665 2650 790 2686 enim.
845 2650 933 2686 Duo
962 2650 1081 2687 dixit:
1110 2651 1219 2696 quod
1243 2651 1280 2686 in
1305 2650 1395 2687 ist1s
1419 2650 1592 2687 videtur.
1621 2651 1695 2687 sed
1726 2661 1806 2687 non
1838 2653 1913 2687 est.

234 2714 460 2759 Utrumque
488 2714 679 2753 ostendit.
708 2718 748 2752 et
775 2715 887 2761 prius
914 2715 1102 2762 assignat
1129 2725 1311 2753 causam.
1347 2725 1476 2761 quare
1506 2716 1705 2755 videatur.
1746 2726 1818 2761 pro
1860 2725 1910 2752 eo

233 2778 393 2815 scilicet
419 2778 528 2823 quod
557 2778 650 2815 dum
680 2779 876 2816 Socrates
905 2779 1057 2818 existit.
1085 2780 1218 2816 altera
1245 2781 1310 2816 est
1337 2789 1438 2816 vera
1466 2782 1505 2816 et
1534 2781 1665 2816 altera
1696 2780 1809 2816 falsa.
1863 2779 1911 2815 Et

234 2843 311 2880 hoc
339 2845 419 2879 est:
459 2853 568 2884 reme,
605 2843 642 2879 id
680 2845 744 2880 est
780 2844 958 2889 quando.
999 2844 1141 2880 existit
1181 2844 1376 2880 Socrates
1405 2846 1480 2880 ete.
1534 2845 1637 2879 f'nm
1680 2854 1785 2879 vero.
1840 2843 1911 2879 Hic

235 2908 428 2945 ostendit.
465 2908 575 2953 quod
611 2918 692 2945 non
721 2917 888 2954 semper
916 2909 1101 2945 dividant
1130 2908 1254 2944 veluti
1283 2909 1494 2945 destructo
1523 2908 1708 2945 Socrate.
1762 2908 1808 2944 Et
1835 2908 1913 2945 hoc

234 2975 315 3010 est:
352 2973 517 3019 quando
553 2983 633 3010 non
666 2974 807 3010 existit
835 2973 1042 3011 Socrates.
1072 2975 1112 3010 et
1139 2974 1245 3010 falsa
1273 2976 1336 3010 est
1375 2973 1580 3011 Socrates
1610 2976 1673 3010 est
1701 2982 1839 3010 sanus·
1870 2976 1911 3010 et

236 3038 442 3079 ‚Socrates
470 3041 535 3075 est
561 3045 712 3085 aeger&
765 3039 904 3080 Neque
931 3039 1057 3075 enim.
1110 3038 1219 3076 Vere
1254 3040 1426 3084 utraque
1456 3041 1551 3075 tunc
1579 3041 1644 3076 est
1672 3039 1789 3076 falsa.
1818 3039 1915 3084 quia

383 3167 423 3198 15
451 3166 507 3198 liic
534 3166 592 3204 del
621 3166 665 3199 de
694 3167 749 3199 liis
780 3167 807 3198 ,ί
910 3167 952 3199 20
982 3167 1120 3199 removi
1153 3167 1177 3197 ,1
1281 3167 1323 3198 26
1353 3164 1453 3207 quia]
1485 3167 1521 3203 ΛΓ
1553 3175 1623 3199 non
1653 3165 1693 3198 A.

1947 1778 2082 1813 Bnetli.

1946 1825 2061 1869 ιη’-ΠΒ
2078 1826 2107 1861 l)
