2200 3387
446 225 476 255 2.
507 221 569 254 llie
598 224 752 255 (ilos-sen
783 233 825 255 zu
854 223 922 255 den
954 225 1186 263 iuuenca-ion.
1217 242 1249 245 —-
1289 223 1339 256 l)e
1368 224 1465 264 quali
1494 227 1529 257 ‹·t
1558 225 1745 264 qualitate.
1871 223 1941 257 2:35

263 322 570 364 permanenter.
625 320 741 360 Quod
771 322 823 356 ab
851 320 1002 356 et't'ectu
1032 321 1260 357 seeundum
1291 321 1423 366 ipsum
1453 322 1674 357 locutionis
1703 332 1819 358 usum
1843 322 1944 358 assi—

259 387 370 430 gnat.
399 385 437 421 in
462 396 513 421 eo
537 385 695 422 scilieet
716 386 825 431 quod
846 386 991 430 quales
1015 396 1095 422 non
1119 387 1304 422 solemus
1328 387 1517 422 homines
1542 397 1696 422 vocare
1720 398 1773 423 ex
1796 387 1943 423 transi-

261 450 376 486 toriis
406 451 687 495 qualitatibus,
722 452 795 487 sed
826 461 878 487 ex
908 451 1264 496 permanentibus.
1317 452 1356 487 Si
1385 452 1476 496 quis
1507 452 1613 488 enim
1650 462 1702 487 ex
1742 453 1942 497 qualitate

261 516 435 552 alicuius
464 517 649 561 requirat
677 526 768 553 eum
799 517 874 552 sibi
904 517 1139 555 certificari,
1169 527 1249 552 non
1271 517 1407 553 solent
1429 518 1697 553 transitoriae
1721 518 1943 562 qualitates

224 592 239 613 .··
260 581 481 627 assignari.
512 592 562 617 ne
590 583 707 618 forte.
736 592 825 618 cum
851 582 901 618 ad
925 591 1016 617 eam
1041 584 1208 617 ventum
1234 585 1347 618 esset
1368 583 1623 627 qualitatem.
1646 585 1761 618 esset
1784 586 1945 627 praete—

209 918 240 942 lu

204 1573 237 1597 211

202 2226 237 2251 30

261 647 339 682 rita
366 656 419 682 ex
448 657 529 691 qua
559 648 648 692 ipse
677 647 873 691 cognosci
903 647 1055 683 debuit,
1110 647 1160 683 l't
1197 648 1230 683 si
1260 651 1550 692 quaereretur:
1591 648 1735 692 ,qualis
1773 650 1837 684 est
1875 648 1945 683 So-

261 713 409 748 crates·
446 716 485 748 et
520 713 865 758 responderetur:
907 713 1082 750 ,rubeus
1124 716 1293 758 propter
1330 714 1535 749 ruborem.
1578 713 1614 748 in
1654 713 1840 749 seeundo
1878 713 1944 749 die

261 787 341 813 non
383 781 496 814 esset
533 779 791 815 conveniens
833 779 883 814 ad
927 778 1114 814 notitiam
1158 778 1343 814 Socratis
1386 780 1511 814 rubor
1548 789 1629 815 non
1678 788 1943 824 permanens.

261 844 413 886 Quare,
428 844 525 888 quia
543 844 738 880 videlicet
760 854 841 880 non
864 846 958 879 sunt
981 844 1201 889 passibiles
1219 844 1452 889 qualitates,
1475 854 1575 890 ergo
1598 846 1693 880 sunt
1709 844 1944 889 passiones,

261 918 353 945 cum
381 909 539 945 seilicet
566 911 732 945 constet
757 918 808 945 ea
837 919 934 946 esse
962 910 1038 945 sub
1067 910 1189 946 tertia
1212 910 1411 946 maneria.
1434 910 1656 955 qualitates
1680 919 1792 947 vero.
1814 909 1945 955 passi-

260 974 363 1011 biles
383 974 553 1012 scilicet.
576 975 743 1011 minime
767 975 969 1011 dicuntur.
1022 975 1236 1011 Similiter
1255 978 1411 1011 antem.
1465 975 1688 1020 Postquam
1710 975 1945 1021 assignavit

260 1039 479 1085 passibiles
495 1040 718 1085 qualitates
740 1040 1013 1085 etpassiones
1037 1040 1076 1076 in
1100 1041 1369 1085 qualitatibus
1386 1041 1585 1086 corporis.
1608 1041 1798 1085 assignat
1819 1040 1941 1076 etiam

259 1113 310 1140 ea
338 1104 375 1140 in
405 1103 693 1141 accidentibus
722 1105 899 1141 animae.
954 1106 1256 1150 (meemnque
1283 1106 1409 1141 (mim.
1462 1105 1654 1141 Ostendit
1688 1105 1862 1150 primum
1893 1105 1943 1141 de

261 1169 527 1214 passibilibus
555 1170 833 1215 qualitatibus,
887 1170 995 1206 Vere
1024 1170 1248 1215 passibiles
1275 1173 1369 1206 sunt
1397 1171 1437 1206 in
1466 1171 1617 1208 anima,
1646 1170 1742 1215 quia
1765 1172 1806 1206 et
1827 1172 1946 1206 natu-

260 1236 370 1271 rales
398 1240 439 1271 et
466 1236 730 1281 temporales.
784 1236 816 1271 A
844 1236 1043 1281 partibus.
1096 1236 1142 1272 Et
1166 1236 1216 1272 de
1246 1236 1505 1272 naturalibus
1535 1236 1760 1281 praemittit
1781 1236 1943 1272 dIcens:

258 1310 551 1345 quaecumque
571 1301 794 1345 qualitates
807 1302 1118 1345 permanentes.
1143 1301 1372 1337 secundum
1397 1300 1506 1345 quod
1533 1301 1623 1346 ipse
1647 1302 1796 1345 postea
1817 1310 1945 1345 appo-

258 1368 339 1403 net.
377 1366 480 1402 t'iunt
515 1366 652 1402 statim
691 1367 731 1402 in
770 1366 861 1411 ipsa
897 1366 1115 1402 nativitate
1152 1376 1206 1402 cx
1243 1366 1451 1411 aliquibus
1486 1366 1766 1411 passionibus.
1804 1366 1843 1402 id
1882 1368 1945 1402 ost

258 1430 524 1475 qualitatibus
553 1431 701 1467 tertiae
730 1431 956 1468 maneriae.
995 1431 1229 1476 qualitates
1268 1431 1427 1467 scilicet
1464 1430 1699 1475 passibiles,
1741 1430 1943 1466 dicuntur.

259 1494 525 1531 utdementia
541 1504 594 1530 ex
610 1495 749 1539 aliqua
771 1495 960 1531 laesione
976 1495 1042 1531 vel
1058 1494 1451 1540 aliquaint'irmitate
1468 1494 1737 1540 proveniens.
1786 1494 1944 1537 Quales

259 1560 388 1601 enim,
414 1560 573 1597 scilicet
599 1560 865 1606 passibiliter.
918 1560 953 1596 A
980 1560 1264 1605 descriptione
1292 1560 1359 1596 vel
1387 1561 1439 1596 ab
1469 1560 1633 1596 effectu.
1688 1559 1805 1600 Quae
1833 1559 1942 1595 enim

258 1626 435 1672 qualitas
463 1635 716 1671 permanens
743 1627 818 1666 est,
847 1635 977 1662 causa
1003 1627 1078 1664 est.
1117 1635 1247 1671 quare
1276 1626 1503 1662 secundum
1532 1634 1625 1662 eam
1653 1625 1777 1661 homo
1806 1625 1940 1661 soleat

258 1691 392 1737 qualis
419 1691 638 1736 assignari.
692 1691 865 1727 Videtur
902 1691 979 1727 hoc
1016 1692 1107 1727 loco
1135 1691 1445 1727 Aristoteles
1472 1691 1580 1727 velle
1619 1700 1673 1726 ex
1710 1690 1942 1735 praemissa

258 1766 423 1802 quoque
453 1757 650 1801 qualitate
679 1757 844 1793 animae
873 1766 1024 1801 corpus
1052 1756 1270 1794 nominari.
1309 1765 1401 1792 cum
1429 1756 1589 1792 scilicet
1617 1756 1668 1792 de
1697 1756 1756 1791 ira
1792 1757 1833 1791 et
1870 1755 1939 1792 de-

259 1821 413 1857 mentia
447 1821 612 1857 animae
646 1821 822 1865 loquens
851 1830 927 1856 nos
957 1820 1053 1857 dicit
1081 1820 1177 1856 inde
1207 1821 1336 1856 iratos
1365 1821 1430 1856 vel
1469 1820 1699 1856 dementes.
1753 1820 1835 1857 Sed
1862 1819 1942 1856 for-

203 1899 233 1923 2·
259 1887 381 1922 tasse.
419 1895 509 1921 cum
546 1885 603 1921 ait
639 1894 726 1923 „nos
763 1885 958 1923 dicimur:
996 1885 1055 1921 sic
1083 1886 1250 1921 nostras
1284 1884 1474 1931 intelligit
1508 1885 1670 1921 animas
1709 1894 1784 1930 per
1811 1886 1940 1920 totum

258 1952 419 1995 partem
447 1950 657 1995 accipiens
686 1952 756 1986 aut
783 1949 920 1994 potius
949 1959 1002 1985 ex
1030 1949 1298 1994 qualitatibus
1326 1949 1491 1985 animae
1519 1949 1624 1985 alias
1659 1949 1824 1985 innatas
1852 1958 1941 1985 cor-

257 2016 347 2061 pori
383 2015 634 2054 considerat.
673 2016 790 2051 iuxta
823 2015 933 2060 quod
971 2017 1012 2051 et
1051 2015 1217 2052 animal.
1258 2015 1369 2060 quod
1405 2016 1469 2051 est
1508 2015 1736 2051 animatum
1777 2024 1942 2060 corpus.

257 2081 432 2118 dicimus
461 2081 525 2117 vel
555 2081 870 2127 grammaticum
898 2090 1050 2126 corpus
1079 2090 1176 2117 esse
1204 2081 1271 2116 vel
1309 2080 1526 2119 rationale.
1565 2090 1648 2117 non
1686 2080 1853 2126 quidem
1891 2090 1943 2116 ex

256 2147 349 2192 ipsa
376 2147 551 2183 scientia
579 2147 645 2183 vel
674 2147 861 2192 potentia
889 2147 1079 2183 discendi
1107 2144 1225 2192 quae'
1243 2148 1338 2182 sunt
1366 2146 1407 2182 in
1436 2146 1585 2185 anima.
1624 2146 1700 2182 sed
1729 2145 1861 2192 magis
1890 2155 1943 2181 ex

258 2212 398 2249 habitu
425 2212 592 2249 animae
614 2212 914 2259 grammaticae
936 2213 1002 2248 vel
1023 2211 1251 2248 rationalis.
1304 2211 1438 2248 Aliam
1460 2221 1641 2257 namque
1663 2211 1943 2248 differentiam

257 2278 422 2314 animae
450 2277 647 2314 convenit
674 2286 780 2315 esse.
814 2287 906 2313 cum
942 2277 1158 2313 rationalis
1187 2276 1346 2315 dicitur.
1384 2277 1508 2313 aliam
1545 2277 1751 2322 corporis;
1790 2276 1943 2321 quippe

258 2342 517 2378 diversorum
534 2352 736 2388 generum
759 2344 800 2378 et
816 2352 899 2378 non
921 2343 1237 2378 subalternatim
1261 2343 1494 2388 positorum
1515 2342 1770 2384 d.<iversae>
1787 2344 1942 2383 s.<unt‘*

258 2407 484 2453 sepeciese»
513 2410 554 2443 et
581 2407 917 2449 d.<it'l'e1·entiae>.

401 2474 482 2509 Sed
507 2473 688 2509 fortasse
715 2475 961 2519 opponetur.
984 2473 1092 2518 quod
1117 2473 1150 2509 si
1175 2473 1392 2511 rationale.
1416 2482 1570 2509 nomen
1588 2473 1787 2518 corporis.
1810 2482 1945 2518 sump-

203 2553 237 2575 :13
259 2541 342 2575 tum
363 2540 427 2574 est
443 2539 494 2574 ab
518 2538 658 2574 babitu
689 2538 855 2575 animae
878 2539 1105 2576 rationalis.
1128 2539 1265 2584 potius
1288 2539 1445 2575 habere
1470 2538 1681 2585 significat
1702 2548 1824 2584 quam
1848 2547 1945 2583 qua-

258 2604 426 2640 litatem.
479 2603 596 2640 i'nde
626 2603 865 2640 differentia
893 2604 973 2640 dici
1000 2614 1083 2640 non
1113 2604 1247 2641 debet.
1284 2614 1375 2640 cum
1404 2604 1626 2649 inaequale
1664 2613 1746 2639 non
1785 2603 1944 2648 praedi-

258 2672 385 2704 cetur.
439 2667 520 2703 Sed
550 2667 721 2706 dicetur.
756 2668 866 2713 quod
901 2678 1207 2714 quamcumque
1243 2678 1392 2705 vocem
1428 2669 1692 2714 proferamus
1734 2668 1785 2704 ad
1823 2668 1944 2704 ratio-

259 2734 472 2770 nalitatem
502 2733 689 2778 corporis
718 2733 1033 2779 designandam.
1072 2734 1167 2770 inde
1196 2734 1438 2779 qualitatem
1466 2734 1632 2770 animae
1661 2733 1943 2779 intelligamus

260 2800 443 2835 innatam
473 2798 637 2843 corpori
667 2808 720 2835 ex
749 2799 952 2844 qualitate
979 2799 1157 2835 animae.
1210 2799 1310 2835 Nam
1341 2800 1507 2844 quando
1537 2798 1759 2835 definimus
1788 2798 1944 2834 anima-

221 2878 237 2891 ·›
259 2868 360 2901 tum:
390 2864 509 2909 ‚quod
538 2864 718 2900 animam
747 2865 883 2900 habet·
915 2865 979 2900 vel
1008 2865 1166 2900 album:
1205 2864 1327 2909 .quod
1356 2864 1593 2900 albedinem
1621 2864 1770 2900 habet.
1809 2863 1942 2899 nullas

259 2933 394 2966 tamen
425 2930 579 2965 formas
608 2939 682 2974 per
709 2929 865 2965 habere
889 2929 1068 2965 animam
1092 2930 1157 2965 vel
1180 2930 1336 2965 habere
1359 2929 1594 2965 albedinem
1618 2929 1696 2964 nisi
1719 2928 1942 2974 qualitates

258 2995 383 3040 ipsas.
411 2994 707 3030 animationem
736 2994 896 3031 scilicet
924 2997 965 3030 et
992 2995 1241 3031 albedinem.
1270 2994 1548 3039 intelligimus,
1601 2993 1668 3030 Sic
1706 2994 1830 3030 etiam
1868 3003 1944 3039 per

401 3095 417 3126 -l
435 3094 561 3127 certibi
578 3094 603 3126 A
707 3094 750 3124 35
774 3094 944 3126 rationali
968 3094 996 3126 A
1098 3095 1140 3124 :38
1162 3091 1260 3134 inde]
1276 3094 1308 3125 in
1328 3094 1352 3124 .l
1456 3094 1498 3124 :39
1516 3091 1692 3131 innatam]
1715 3093 1747 3125 in
1770 3094 1901 3125 natura
1912 3093 1938 3125 A

260 3155 295 3186 -11
332 3152 411 3195 pei-l
443 3163 508 3195 pro
536 3154 580 3185 A.
