2200 3387
554 202 582 235 1.
612 201 676 234 l)ie
703 202 859 234 Glossen
889 212 931 235 zu
961 201 1196 243 Porphyrius.
1230 222 1265 225 —
1298 204 1348 236 be
1375 206 1512 245 specie.
1826 205 1872 240 45

199 299 239 336 ln
268 299 540 344 sequentibus
575 299 751 336 eandem
787 300 937 345 repetit
976 299 1261 336 definitionem
1301 302 1590 346 specialissimi
1625 303 1786 340 dicens:
1821 308 1871 343 ,et

195 364 305 410 quod
342 365 392 401 de
433 365 618 410 pluribus
658 367 699 401 et
733 365 1021 401 differentibus
1062 372 1246 401 numero·
1282 369 1398 402 etc‘1.
1451 368 1517 404 Ait
1554 369 1661 404 enim
1703 372 1872 415 propter

195 429 431 466 huiusmodi
458 430 623 475 species
651 430 755 466 siff-’1
794 429 922 470 ‚Quod
957 430 1137 466 diximus
1171 431 1222 466 de
1258 432 1441 476 pluribus
1475 433 1764 470 differentibus
1802 445 1871 470 nu-

196 504 310 532 mero
338 495 521 541 speciem
551 495 794 540 praedicari.
823 495 985 531 duobus
1020 495 1059 531 id
1094 498 1206 532 recte
1234 499 1461 533 excusatur
1498 498 1642 539 modis,
1678 510 1758 536 uno
1787 501 1871 545 qui-

157 560 300 600 sdem.
343 561 441 606 quia
480 561 606 597 multo
636 561 774 606 plures
810 563 905 596 sunt
945 561 1109 606 species
1147 571 1254 606 quae
1288 562 1339 598 de
1377 564 1611 599 numerosis
1649 565 1870 601 individuis

194 627 488 672 praedicantur
508 633 653 671 (quam
677 626 755 662 hae
784 626 933 671 quibus
962 636 1085 662 unum
1115 629 1272 663 tantum
1302 627 1555 665 individuum
1583 630 1746 666 videtur
1773 641 1869 667 esse

193 692 464 738 suppositum.
509 691 658 728 dehinc
698 692 775 727 hoc
815 692 911 736 quia
948 692 1074 728 multa
1111 693 1338 728 secundum
1376 696 1628 739 potestatem
1668 695 1869 735 dicuntur.

192 766 284 794 cum
307 760 401 793 actu
424 766 505 793 non
529 766 697 802 semper
718 757 774 792 ita
795 757 913 798 sint>
936 760 978 793 ut
1000 757 1165 793 risibilis
1187 759 1310 794 homo
1333 759 1490 799 dicitur.
1520 760 1598 796 etsi
1620 770 1702 796 non
1725 761 1869 801 rideat,

192 823 388 868 quoniam
411 822 547 858 ridere
570 824 716 867 potest.
769 822 828 858 lta
850 822 972 868 igitur
993 825 1107 859 recte
1129 823 1295 868 species
1312 824 1362 860 de
1385 834 1558 861 numero
1581 825 1869 863 differentibus

138 904 172 931 10
192 888 473 933 praedicatur:
505 887 602 923 nihil
633 888 742 924 enim
776 888 910 924 minus
933 888 1114 933 phoenix
1137 889 1188 925 de
1210 889 1394 934 pluribus
1416 891 1689 935 phoenicibus
1710 892 1871 937 praedi-

190 955 367 993 caretur.
393 953 428 989 si
449 953 588 999 plures
611 955 766 993 essent,
794 963 917 998 quam
941 962 1060 994 nunc,
1083 955 1250 999 quando
1272 964 1377 991 unus
1399 965 1496 992 esse
1517 957 1759 1001 perhibetur
1780 961 1867 993 etc.¹

189 1018 232 1055 ln
261 1028 342 1064 quo
370 1021 509 1055 tamen
539 1019 629 1064 ipse
651 1018 891 1055 Boethius
919 1028 996 1055 nec
1018 1019 1124 1055 bene
1147 1029 1289 1056 secum
1312 1029 1448 1066 neque
1471 1030 1563 1057 cum
1591 1021 1868 1068 Porphyrio

191 1086 391 1121 constans
419 1083 594 1120 videtur.
647 1083 739 1130 Ipse
767 1093 947 1130 namque
994 1084 1302 1131 Porphyrius
1328 1086 1368 1122 in
1403 1087 1676 1132 sequentibus
1691 1092 1706 1111 ³¹
1741 1088 1866 1124 filium

190 1149 437 1195 Sophronici
458 1149 712 1186 individuum
736 1149 844 1191 dicit.
874 1150 907 1186 si
935 1150 1049 1186 solus
1071 1151 1107 1187 ei
1131 1150 1327 1188 Socrates
1356 1152 1409 1188 sit
1430 1151 1550 1193 filius,
1573 1153 1667 1190 licet
1691 1153 1869 1199 Sophro-

137 1225 170 1251 η
190 1215 270 1252 nici
306 1214 415 1251 filius
449 1215 489 1251 in
518 1217 667 1251 natura
694 1215 744 1251 de
772 1215 956 1260 pluribus
986 1216 1262 1261 praedicetur.
1291 1218 1640 1262 quemadmodum
1671 1219 1867 1264 phoenix.

190 1280 352 1326 Quippe
380 1281 487 1317 sieut
513 1281 653 1326 plures
681 1281 908 1326 phoenices
937 1291 1034 1317 esse
1063 1284 1248 1327 possunt,
1276 1282 1334 1319 ita
1362 1285 1401 1319 et
1428 1284 1568 1329 plures
1596 1284 1668 1320 filii
1691 1284 1869 1330 Sophro-

189 1346 281 1383 nici.
333 1346 425 1392 Ipse
453 1346 577 1382 etiam
600 1356 625 1382 a
652 1356 698 1383 se
721 1346 925 1383 dissidere
953 1347 1257 1384 rationabiliter
1277 1349 1451 1390 videtur,
1481 1349 1515 1385 si
1545 1350 1790 1395 ,praedicari
1817 1351 1867 1387 de

189 1411 383 1458 pluribus*
399 1412 625 1448 secundum
643 1411 882 1457 potentiam,
904 1422 987 1448 non
1009 1413 1236 1449 secundum
1260 1416 1395 1450 actum
1419 1415 1703 1452 continentiae
1724 1417 1868 1453 multo-

188 1487 278 1514 rum
306 1477 495 1522 accipiat.
547 1476 661 1514 Sicut
698 1478 807 1514 enim
845 1478 1093 1523 phoenicem
1130 1479 1455 1524 praedicabilem
1490 1480 1541 1516 de
1580 1480 1867 1518 differentibus

133 1557 170 1584 20
189 1552 362 1580 numero
393 1543 501 1583 dicit,
529 1544 726 1588 quantum
755 1543 807 1579 ad
835 1545 1038 1584 naturam.
1066 1544 1124 1580 ita
1151 1545 1192 1580 et
1224 1554 1357 1590 genus
1386 1545 1510 1582 etiam
1539 1546 1591 1582 ad
1625 1556 1749 1583 unam
1776 1557 1868 1593 spe-

187 1609 294 1645 ciem
322 1608 537 1645 reductum
561 1608 844 1653 praedicabile
864 1610 927 1645 est
949 1609 999 1645 de
1023 1608 1312 1661 differentibus
1334 1619 1508 1646 numero
1530 1610 1570 1647 in
1593 1612 1701 1656 quid.
1748 1612 1866 1649 Unde

188 1676 228 1710 et
255 1675 352 1710 tunc
380 1683 547 1719 quoque
574 1675 639 1710 est
673 1683 816 1719 genus,
845 1674 1088 1719 quando·ei
1125 1674 1311 1711 definitio
1340 1676 1508 1722 generis
1545 1678 1721 1722 aptatur,
1757 1678 1866 1723 quod

186 1741 326 1776 tamen
355 1739 445 1784 ipse
473 1738 715 1775 Boethius
743 1740 879 1785 negat.

330 1803 435 1845 Quid
474 1804 598 1851 igitur
636 1804 835 1845 dicemus,
875 1806 918 1840 ut
957 1807 998 1841 et
1031 1805 1283 1842 rationale
1323 1809 1542 1843 teneamus
1583 1809 1624 1843 et
1651 1808 1865 1853 utriusque

131 1886 167 1913 25
187 1870 546 1906 auctoritatem
571 1869 819 1906 servemus?
847 1870 953 1906 Nihil
968 1870 1156 1916 profecto
1173 1871 1419 1916 praedicari
1441 1872 1492 1908 de
1508 1872 1716 1917 pluribus,
1739 1873 1779 1909 id
1802 1876 1866 1909 est

186 1935 435 1976 universale,
469 1934 775 1980 Porphyrius
811 1935 972 1981 accipit.
1002 1935 1082 1971 nisi
1123 1937 1231 1981 quod
1259 1937 1386 1973 multa
1422 1937 1641 1974 actualiter
1668 1939 1864 1975 continet.

185 2000 304 2038 Unde
332 2003 373 2038 et
399 2000 647 2046 phoenicem
686 2001 792 2037 sicut
818 2000 945 2037 filium
974 2000 1220 2047 Sophronici
1253 2005 1426 2048 propter
1459 2003 1579 2039 unius
1612 2006 1769 2040 tantum
1805 2004 1864 2040 rei

185 2066 483 2104 continentiam
505 2066 760 2103 individuum
782 2067 981 2113 intelligit.
1022 2067 1261 2104 Boethius
1283 2069 1422 2104 tamen
1445 2069 1691 2114 ,praedicari
1714 2069 1765 2105 de
1781 2070 1865 2115 plu-

185 2132 308 2168 ribus*
336 2132 492 2178 largius
518 2132 729 2178 accipiens
755 2133 861 2169 haec
888 2142 1054 2178 quoque
1082 2133 1336 2170 universalia
1369 2134 1467 2170 dicit
1500 2135 1729 2171 secundum
1757 2145 1864 2171 com-

129 2212 166 2240 30
186 2207 351 2234 munem
380 2197 654 2243 impositionis
682 2207 866 2239 causam,
904 2207 1011 2243 quae
1039 2199 1090 2235 ad
1119 2199 1238 2244 plura
1265 2208 1311 2235 se
1339 2200 1496 2236 habere
1522 2202 1709 2245 possunt.
1737 2202 1778 2237 et
1813 2210 1865 2237 ea

185 2272 351 2308 quoque
378 2265 492 2300 recte
520 2263 755 2308 praedicari
783 2264 834 2300 de
862 2264 1048 2309 pluribus
1086 2265 1245 2305 astruit,
1273 2265 1384 2310 quod
1420 2265 1516 2301 licet
1553 2265 1864 2310 Porphyrius

184 2337 267 2364 non
295 2328 414 2369 dicat.
442 2338 520 2365 nec
541 2330 680 2365 tamen
703 2331 839 2375 negat.
890 2328 938 2365 Et
959 2330 1064 2366 ratio
1087 2330 1254 2375 quidem
1282 2330 1455 2369 videtur,
1483 2332 1526 2366 ut
1547 2340 1628 2367 non
1651 2331 1708 2367 ita
1728 2331 1864 2377 singu-

184 2393 271 2430 lare
298 2394 482 2439 phoenix
504 2394 675 2434 dicatur.
698 2395 803 2431 sicut
829 2395 895 2431 hic
917 2395 1112 2440 phoenix.
1140 2395 1220 2432 etsi
1240 2395 1428 2432 eiusdem
1451 2396 1615 2441 penitus
1635 2397 1696 2432 rei
1716 2397 1862 2433 unicae

184 2459 268 2496 sint
293 2459 474 2496 nomina.
527 2459 688 2505 Quippe
727 2460 933 2505 phoenix·
972 2470 1055 2497 non
1090 2461 1146 2497 ita
1172 2461 1451 2506 personaliter
1487 2470 1573 2498 rem
1602 2462 1862 2501 determinat,

130 2540 165 2564 85
186 2524 292 2561 sicut
319 2524 396 2566 ,hic
423 2525 616 2570 phoenix·
646 2534 782 2570 neque
810 2525 946 2565 homo,
974 2526 1008 2562 si
1035 2525 1087 2562 ad
1116 2536 1239 2562 unam
1268 2528 1427 2562 tantum
1456 2535 1681 2572 personam
1709 2528 1862 2564 ceteris

184 2590 374 2626 omnibus
397 2590 624 2636 peremptis
646 2591 927 2631 reduceretur,
956 2591 1208 2628 sententiam
1230 2591 1467 2628 immutaret
1488 2601 1565 2628 nec
1598 2593 1861 2637 personalem

183 2655 447 2692 discretionis
474 2656 825 2702 significationem
853 2659 1100 2695 assumeret.
1131 2658 1206 2694 sed
1234 2657 1476 2703 simpliciter
1508 2667 1676 2703 semper
1708 2658 1862 2694 animal

184 2720 387 2757 rationale
416 2721 589 2758 mortale
618 2724 882 2767 proponeret.
934 2722 1242 2767 Porphyrius
1269 2724 1407 2758 autem
1444 2723 1666 2768 personale
1695 2723 1860 2768 quidem

183 2795 281 2823 esse
308 2786 500 2823 concedit
526 2787 742 2832 phoenicis
771 2796 922 2823 nomen
950 2787 1180 2824 secundum
1208 2787 1556 2833 significationem
1587 2788 1860 2827 discretionis,

323 2886 342 2917 4
371 2885 405 2918 id
433 2885 561 2918 Boelh.
597 2885 642 2917 ad
675 2885 703 2917 A
799 2888 1000 2918 excusatur
1035 2885 1175 2918 habent
1215 2886 1324 2918 multi
1357 2886 1461 2918 codd.
1496 2887 1539 2919 er.
1578 2886 1655 2919 leet.
1692 2895 1770 2919 var.
1805 2887 1859 2920 ed.

184 2944 335 2977 Brandt
367 2945 437 2977 219
470 2953 500 2977 v.
529 2946 550 2976 9
659 2945 679 2975 fi
715 2946 894 2986 quam—8
929 2945 1001 2977 sint
1034 2945 1169 2977 addidi
1206 2954 1248 2977 ez
1281 2945 1439 2978 Boethio
1552 2946 1592 2977 13
1620 2945 1860 2986 Porphniusl

184 3010 284 3050 prior
304 3010 333 3043 A
411 3009 454 3042 22
476 3007 525 3050 ei]
548 3010 657 3042 etiam
679 3009 707 3042 A
785 3009 828 3042 26
851 3008 998 3050 Porph.]
1021 2994 1079 3050 ph
1099 3010 1128 3042 A
1204 3011 1248 3043 33
1270 3005 1340 3053 rei]
1361 3019 1421 3043 res
1442 3010 1471 3043 A
1554 3011 1597 3042 35
1625 3009 1671 3050 sil
1699 3012 1807 3044 etiam
1831 3012 1858 3044 A

327 3080 336 3102 ¹
365 3081 539 3119 Boeth„
568 3080 590 3113 l.
619 3090 659 3118 α,
687 3089 720 3121 p.
749 3080 866 3113 21610.
988 3079 1003 3102 ‘²
1030 3081 1190 3118 Boetli..
1219 3082 1241 3114 I.
1270 3092 1310 3119 (·.,
1338 3091 1370 3123 p.
1400 3083 1506 3115 219³.

324 3138 340 3160 ³
365 3139 526 3178 Boeth.,
555 3136 578 3173 l.
608 3150 646 3175 e..
676 3149 709 3180 p.
739 3135 929 3172 231¹⁸-¹5'.
