2200 3387
601 254 632 286 2.
661 252 726 285 Dte
753 253 910 285 Glossen
939 261 982 285 zu
1010 252 1080 285 den
1107 252 1343 293 Kutegorlen.
1373 270 1414 273 -
1445 252 1496 284 De
1525 252 1649 284 Priori.
1896 250 1958 284 291

290 350 417 387 teles
444 349 607 396 accepit
634 350 743 386 inter
770 350 986 386 veritatem
1022 349 1319 395 propositionis
1356 352 1397 385 et
1433 351 1629 385 eventum
1666 349 1736 386 rei.
1774 349 1962 385 oratione

290 425 433 452 verum
454 415 647 452 videlicet
668 417 939 461 proponente.
961 415 1070 460 quod
1099 417 1238 450 tamen
1266 414 1354 459 ipse
1382 424 1463 450 non
1493 415 1752 454 determinat,
1781 415 1876 459 quia
1904 414 1964 450 sic

289 480 341 516 de
369 479 722 525 propositionibus
749 479 884 525 agitur
909 479 1043 525 gratia
1070 488 1232 519 sensus,
1261 478 1380 524 quasi
1407 488 1574 523 semper
1600 488 1689 514 cum
1720 488 1846 514 sensu
1874 488 1964 524 per-

290 547 495 582 maneant.

252 615 268 640 5
433 610 552 646 Sunt
578 611 740 646 autem
768 609 964 655 quidam
993 609 1171 655 quinon
1201 609 1333 645 solum
1362 609 1778 653 consequentiam
1817 610 1964 645 comi-

289 673 500 710 tationis
535 674 746 710 mutuam
785 673 850 710 hic
882 673 1100 718 accipiunt.
1138 682 1280 709 verum
1312 673 1437 709 etiam
1466 675 1679 709 mutuam
1708 673 1964 709 condicio-

290 737 418 785 naflis
441 739 561 776 (11110
572 739 799 779 1011113111,
821 739 1103 775 adhaerentes
1119 738 1285 784 quidem
1303 738 1442 774 verbis
1459 738 1652 779 auctoris,
1669 738 1736 783 qui
1758 739 1965 774 condicio—

289 805 425 841 nalem
453 804 625 850 apponit
646 804 981 841 coniunctionem
1004 803 1165 840 dicens:
1195 804 1303 839 Nam
1325 804 1362 840 si
1383 806 1441 840 est
1463 805 1592 839 homo
1615 806 1703 843 etc..
1732 805 1772 840 et
1792 804 1964 840 alteram

289 870 455 916 quidem
484 870 828 915 consequentiam
866 869 1109 915 simpliciter
1135 879 1300 914 quoque
1338 869 1552 914 recipiunt.
1581 879 1689 915 quae
1726 869 1884 906 scilicet
1912 879 1965 906 ex

238 939 269 964 10
290 935 468 972 veritate
495 935 792 981 propositionis
819 934 942 971 infert
977 936 1174 971 eventum
1211 935 1282 974 rei,
1319 935 1491 971 alteram
1529 944 1630 971 vero
1669 945 1759 971 cum
1797 935 1966 971 circum-

289 1000 444 1037 stantia
471 1002 642 1041 tantum,
671 1010 777 1045 quae
805 1000 963 1036 scilicet
991 1010 1042 1036 ex
1070 1003 1223 1037 eventu
1244 1000 1367 1036 infert
1389 1000 1609 1036 veritatem
1637 1001 1715 1037 1100
1742 1001 1883 1036 modo:
1923 1000 1965 1036 Si

288 1073 391 1101 vera
417 1066 482 1101 est
507 1065 613 1101 haec
640 1064 870 1110 propositio
900 1065 1034 1105 ,homo
1065 1066 1152 1106 est‘,
1180 1066 1277 1101 tunc
1304 1065 1427 1101 homo
1456 1066 1536 1109 est;
1566 1065 1599 1101 si
1621 1065 1744 1101 homo
1766 1066 1841 1106 est,
1865 1074 1966 1101 vera

289 1131 353 1167 est
379 1130 484 1167 haec
511 1130 751 1176 propositio,
779 1139 871 1166 cum
898 1130 982 1166 fiat.

432 1195 522 1233 Sed
550 1195 609 1232 ad
636 1196 760 1232 haec
787 1196 915 1237 dico,
943 1196 1053 1241 quod
1082 1195 1271 1232 similiter
1304 1196 1412 1232 inter
1443 1206 1569 1232 unum
1597 1198 1638 1233 et
1674 1196 1754 1232 duo
1791 1198 1966 1241 possent

238 1263 268 1290 ¹⁵
288 1263 472 1298 mutuam
499 1261 841 1298 consecutionem
870 1271 1042 1298 servare
1071 1262 1138 1298 vel
1165 1262 1273 1298 inter
1299 1261 1453 1298 animal
1481 1264 1522 1298 et
1548 1262 1769 1303 hominem,
1798 1262 1831 1298 si
1855 1261 1968 1298 vide·

288 1325 385 1362 licet
413 1335 466 1362 ex
493 1335 576 1362 una
602 1327 721 1371 parte
749 1326 1102 1362 circumstantiam
1130 1326 1259 1362 velint
1286 1326 1514 1372 adiungere
1543 1326 1622 1363 hoc
1649 1327 1790 1362 modo:
1829 1326 1869 1363 Si
1885 1327 1966 1363 duo

290 1393 396 1431 sunt,
423 1401 550 1427 unum
578 1393 659 1435 est;
697 1392 732 1428 si
768 1402 893 1428 unum
932 1393 1006 1432 est,
1043 1402 1135 1429 cum
1164 1392 1338 1428 alterum
1367 1392 1429 1433 511,
1464 1392 1544 1428 (1110
1573 1394 1679 1428 sunt.
1730 1392 1778 1428 Et
1804 1399 1966 1429 rursus:

289 1456 323 1493 si
350 1455 546 1493 Socrates
575 1458 639 1493 est
665 1457 801 1498 homo,
840 1459 905 1494 est
931 1457 1096 1499 animal,
1134 1459 1174 1493 et
1207 1457 1241 1493 si
1276 1459 1340 1493 est
1377 1457 1542 1497 animal,
1582 1467 1674 1493 cum
1711 1457 1762 1493 sit
1798 1457 1966 1494 risibile.

290 1523 354 1559 est
380 1522 516 1558 homo.
567 1522 620 1558 At
652 1532 754 1559 vero
782 1522 1108 1565 Aristoteles,
1147 1522 1216 1568 qui
1252 1523 1472 1559 veritatem
1510 1523 1810 1568 propositionis
1847 1523 1967 1568 sequi

234 1594 270 1619 20
289 1587 482 1624 concedit
502 1587 553 1624 de
575 1597 657 1624 uno
678 1587 731 1624 ad
751 1588 843 1629 duo,
865 1588 1210 1633 consequentiam
1233 1588 1330 1624 dicit
1348 1598 1432 1624 non
1454 1588 1652 1624 converti.
1694 1588 1967 1625 Praeterea

289 1652 324 1689 si
339 1652 652 1690 circumstantia
666 1655 901 1699 apponatur
916 1653 957 1690 in
980 1654 1112 1690 altera
1132 1655 1262 1699 parte,
1285 1653 1507 1690 conversio
1530 1653 1799 1690 terminorum
1822 1663 1967 1690 conse-

289 1718 485 1764 quentiae
515 1728 598 1755 non
629 1719 827 1761 consistit,
850 1719 947 1764 quia
967 1719 1048 1755 iam
1079 1728 1346 1764 consequens
1385 1729 1468 1755 non
1505 1719 1603 1755 facit
1635 1720 1892 1756 antecedens
1927 1721 1967 1756 et

288 1784 544 1821 antecedens
577 1794 856 1830 consequens,
892 1794 985 1821 cum
1012 1785 1208 1821 videlicet
1243 1785 1377 1830 ipsam
1414 1784 1766 1821 circumstantiam
1802 1794 1968 1830 semper

290 1851 483 1895 oporteat
509 1859 605 1887 esse
633 1850 684 1886 de
711 1850 979 1887 antecedenti
1005 1851 1335 1896 consequentiae
1357 1850 1421 1887 cui
1449 1851 1682 1896 apponitur,
1712 1850 1818 1886 sicut
1845 1850 1967 1886 alibi

235 1929 269 1955 25
291 1915 650 1952 ostendendum
666 1917 761 1959 est,
781 1916 861 1952 ubi
878 1916 1078 1952 scilicet
1093 1916 1149 1952 de
1166 1915 1510 1961 hypotheticis
1527 1915 1966 1961 propositionibus

290 1980 638 2026 disputabitur.
689 1981 773 2018 Nos
801 1983 940 2017 autem
968 1991 1051 2017 non
1074 1982 1207 2017 solum
1229 1981 1337 2018 hanc
1358 1981 1705 2026 consequentiam
1727 1981 1968 2027 simpliciter

288 2045 440 2083 factam
468 2047 759 2092 reprobamus:
788 2046 823 2083 51
850 2047 973 2083 1101110
1002 2048 1074 2088 051,
1103 2055 1203 2083 νο13
1234 2048 1298 2083 051
1324 2047 1429 2083 11300
1456 2047 1686 2092 propositio
1716 2047 1850 2088 ,homo
1879 2049 1965 2086 est‘.

289 2121 340 2148 eo
367 2111 562 2149 videlicet
594 2112 704 2158 quod
738 2121 867 2158 saepe
904 2112 1105 2159 contingit
1142 2122 1230 2149 rem
1268 2122 1365 2149 esse
1406 2122 1489 2148 non
1524 2112 1635 2149 facta
1668 2112 1966 2157 propositione,

289 2187 433 2214 verum
461 2177 586 2214 etiam
614 2187 863 2214 conversam
890 2178 1202 2219 calumniamur,
1230 2178 1337 2214 hanc
1365 2178 1540 2214 scilicet:
1578 2178 1612 2213 si
1639 2178 1773 2219 ,1101110
1802 2180 1874 2214 est‘
1904 2180 1967 2215 est

235 2255 270 2280 30
290 2251 403 2284 vera,
440 2242 481 2279 id
514 2245 579 2279 est
606 2242 703 2279 dicit
729 2243 812 2280 tale
840 2243 936 2288 quid
964 2243 1074 2288 quod
1107 2243 1147 2279 in
1185 2253 1230 2280 10
1268 2245 1341 2285 051,
1378 2245 1476 2280 111110
1510 2243 1635 2280 homo
1673 2245 1748 2280 est.
1794 2243 1968 2280 Videtur

290 2307 400 2344 enim
427 2317 479 2344 ea
503 2307 654 2344 falsum
681 2308 741 2344 sic
768 2308 949 2344 extrahi:
987 2308 1022 2344 si
1055 2308 1153 2353 quia
1187 2308 1321 2349 ,homo
1356 2310 1430 2344 est·
1468 2308 1565 2344 dicit
1591 2308 1688 2344 illud
1717 2309 1826 2354 quod
1854 2308 1893 2344 in
1921 2317 1966 2344 re

291 2374 366 2413 est,
394 2373 517 2409 homo
539 2374 614 2413 051,
643 2374 684 2410 01
706 2373 801 2418 quia
822 2374 956 2415 ,homo
980 2376 1053 2410 est‘
1077 2374 1174 2410 dicit
1197 2374 1351 2413 ,35111115
1375 2375 1462 2413 est‘,
1484 2374 1608 2410 homo
1625 2375 1700 2411 est.
1717 2383 1965 2418 quamquam

291 2447 473 2484 sequens
510 2439 813 2484 consequentia
846 2448 900 2475 ex
936 2439 1048 2475 nulla
1084 2439 1352 2476 adiunctione
1389 2440 1565 2475 naturae
1602 2439 1801 2484 procedit.
1863 2439 1967 2474 Am-

291 2503 420 2549 plius
448 2504 482 2540 si
510 2504 607 2549 quia
634 2504 768 2544 ,homo
797 2506 870 2541 051·
900 2506 965 2541 051
991 2514 1104 2544 vera,
1132 2505 1255 2541 homo
1285 2506 1360 2545 051,
1389 2506 1430 2541 01
1457 2504 1554 2550 quia
1582 2505 1716 2545 ,homo
1746 2506 1832 2543 est·.
1861 2504 1966 2540 haec

237 2587 272 2613 35
293 2569 536 2616 propositio.
559 2571 624 2606 est
648 2569 753 2606 haec
774 2570 856 2606 alia
877 2570 1108 2616 propositio
1134 2570 1287 2611 ,35111115
1316 2572 1402 2611 est¹,
1425 2570 1549 2606 homo
1569 2572 1642 2606 est.
1681 2570 1759 2606 Ubi
1782 2569 1968 2605 similiter

291 2634 595 2680 consequentia
622 2644 804 2680 sequens
831 2635 942 2672 omni
969 2638 1118 2672 natura
1151 2636 1461 2672 consecutionis
1490 2635 1687 2672 destituta
1720 2637 1794 2672 est.
1846 2634 1966 2671 Unde

292 2700 460 2737 omnino
487 2700 753 2745 reprobanda
786 2709 882 2737 esse
910 2701 1074 2737 videtur
1106 2701 1212 2738 haec
1239 2710 1405 2746 quoque
1439 2701 1758 2746 consequentia:
1796 2700 1830 2736 51
1867 2709 1967 2736 vera

292 2766 354 2801 est
382 2764 516 2805 ,homo
544 2766 631 2805 est‘,
666 2765 762 2801 tunc
789 2765 912 2801 homo
941 2766 1016 2802 est.
1053 2765 1158 2801 sicut
1193 2765 1282 2801 eius
1320 2774 1529 2801 conversa
1565 2764 1807 2809 simpliciter
1844 2763 1965 2802 facta.

292 2829 445 2874 quippe
473 2828 729 2864 antecedens
756 2828 867 2865 nullo
895 2829 1018 2865 modo
1048 2838 1101 2865 ex
1129 2838 1174 2864 se
1203 2829 1332 2874 exigit
1353 2837 1630 2873 consequens,
1660 2837 1750 2864 cum
1773 2827 1967 2863 videlicet

237 2906 272 2931 40
292 2893 332 2930 id
359 2894 469 2939 quod
497 2894 601 2930 haec
629 2893 857 2939 propositio
885 2893 939 2930 sit
964 2903 1077 2933 vera,
1106 2894 1183 2929 hoc
1217 2895 1282 2930 est
1315 2893 1424 2930 dicat
1460 2893 1556 2929 illud
1584 2893 1693 2938 quod
1733 2892 1772 2928 in
1809 2902 1854 2928 re
1891 2893 1966 2931 est.

293 2958 461 2995 omnino
489 2960 660 3004 propter
684 2958 796 2994 aliud
818 2958 968 2994 dictum
992 2958 1235 3004 contingere
1257 2960 1401 3003 posset
1421 2967 1542 3002 quam
1567 2958 1736 3002 propter
1756 2956 1835 2992 hoc
1857 2956 1965 3001 quod

293 3025 357 3061 est
377 3023 585 3060 hominem
608 3032 716 3060 esse.
758 3023 839 3060 Sed
861 3033 1004 3060 rursus
1026 3023 1206 3059 fortasse
1228 3023 1315 3063 erit,
1338 3022 1406 3068 qui
1428 3032 1519 3059 eam
1542 3022 1719 3068 probare
1742 3021 1967 3058 contendat

435 3140 455 3171 6
483 3137 626 3179 verum]
653 3141 774 3172 tamen
803 3139 831 3172 A
989 3140 1090 3172 10-11
1121 3139 1329 3172 constantia
1355 3138 1396 3177 Α,
1424 3139 1477 3171 sic
1502 3139 1615 3171 etiam
1646 3138 1683 3170 in
1711 3137 1964 3178 sequentibus.
