2200 3387
489 232 519 267 2.
548 233 613 267 Die
640 235 796 267 Glosscn
825 244 868 266 zu
895 234 965 267 den
995 234 1229 275 Kutegorien.
1259 253 1302 256 ——
1331 235 1382 267 Dc
1411 236 1625 275 quantitate.
1830 233 1889 268 171

218 330 415 369 nominat.
438 331 571 367 homo·
595 331 843 377 singillatim.
867 331 1079 368 homines·
1100 332 1282 376 appellat
1300 332 1503 368 collectim
1527 336 1567 368 et
1589 333 1684 368 licet
1707 336 1893 368 naturam

220 395 441 432 humanam
471 396 679 441 significat
706 399 747 432 et
775 396 852 432 hoc
880 405 1030 431 nomen
1060 396 1284 434 homines:
1317 397 1542 441 praecipua
1580 400 1717 433 tamen
1756 397 1896 433 inven-

219 461 344 497 tionis
373 461 462 497 eius
490 470 619 497 causa
646 461 860 506 pluralitas
888 461 979 503 iuit;
1016 470 1110 497 nam
1145 463 1186 497 et
1215 461 1362 501 ‚homo‘
1391 462 1566 498 eandem
1598 465 1784 498 naturam
1817 462 1894 498 iam

221 526 459 562 denotabat.
512 526 615 562 Sunt
651 527 788 562 autem
827 526 1068 573 quaedam
1106 526 1275 562 nomina
1313 527 1429 571 plura
1462 527 1741 572 significantia
1777 528 1894 563 simul

183 597 198 620 ⁵
222 601 303 627 non
333 601 386 627 ex
414 591 648 637 pluralitate
677 591 778 630 sola.
805 591 878 627 sed
909 601 962 627 ex
991 592 1291 637 aggregatione
1320 592 1511 637 quadam.
1540 602 1648 637 quae
1677 593 1894 629 collectiva

219 657 285 692 vel
313 656 660 701 comprehensiva
688 656 888 694 dicuntur.
917 659 959 692 ut
987 657 1174 702 populus.
1197 659 1392 693 rosetum.
1446 657 1532 693 Non
1556 657 1665 693 enim
1688 658 1897 702 quaelibet

219 721 428 758 hominum
457 722 672 767 pluralitas
705 722 812 758 sicut
845 722 1034 758 homines
1073 722 1231 761 dicitur.
1269 723 1325 759 ita
1353 726 1393 759 et
1420 723 1608 768 populus.
1637 723 1711 759 scd
1740 726 1896 759 tantum

218 787 394 833 populus
411 789 625 827 vocantur.
648 787 717 832 qui
739 787 778 823 in
801 797 882 823 uno
905 788 996 824 loco
1019 788 1263 834 congregati
1285 790 1391 824 sunt.
1444 788 1561 824 [fnde
1582 788 1722 834 populi
1746 798 1895 824 nomen

217 861 247 905 a
269 852 516 888 collectione
552 852 763 888 hominum
801 855 1007 898 sumptum
1045 853 1219 890 videtur.
1274 853 1377 889 Sunt
1413 856 1552 890 autern
1591 854 1693 890 alia
1731 853 1898 889 nomina

169 921 200 946 10
221 906 290 954 res
317 918 457 963 plures
485 918 605 954 simul
633 918 913 964 significantia
950 928 1031 955 non
1070 928 1124 955 ex
1161 919 1395 964 pluralitate
1431 919 1521 955 sola
1559 920 1623 955 vel
1663 929 1715 955 ex
1754 929 1898 963 aggre-

217 983 400 1029 gatione.
428 983 503 1019 sed
531 993 584 1019 ex
612 985 726 1020 certa
753 993 890 1019 rerum
919 984 1233 1029 compositione.
1262 984 1352 1020 sive
1381 984 1449 1020 illa
1476 984 1720 1030 compositio
1749 984 1801 1020 sit
1829 994 1898 1020 na-

218 1050 346 1089 turae.
375 1049 418 1084 ut
444 1048 512 1084 illa
539 1057 647 1094 quae
675 1051 739 1085 est
765 1049 806 1085 in
833 1049 1025 1085 humanis
1054 1050 1260 1089 membris.
1297 1059 1404 1094 quae
1440 1050 1562 1086 homo
1601 1050 1739 1086 omnia
1777 1050 1897 1086 simul

217 1113 418 1153 dicuntur.
445 1114 535 1150 sive
563 1114 616 1150 sit
642 1114 883 1155 artificialis.
910 1115 1039 1150 veluti
1066 1124 1118 1151 ea
1151 1124 1258 1160 quae
1296 1117 1360 1151 est
1394 1115 1434 1151 in
1470 1115 1604 1151 domo.
1656 1115 1744 1151 Non
1787 1115 1896 1151 enirn

220 1179 273 1216 ad
301 1179 598 1225 proprietatem
634 1179 781 1216 domus
815 1179 967 1216 sufficit
1003 1181 1070 1216 vel
1102 1190 1241 1217 rerum
1281 1181 1495 1226 pluralitas
1534 1181 1600 1217 vel
1642 1180 1897 1227 aggregatio.

164 1248 198 1274 1⁵
218 1243 260 1281 Si
287 1245 395 1281 enim
418 1245 558 1290 paries
580 1247 622 1282 et
642 1247 795 1282 tectum
818 1255 946 1291 super
965 1246 1278 1282 fundamentum
1300 1246 1439 1282 iacent
1460 1248 1690 1292 aggregata
1711 1246 1750 1282 in
1773 1256 1897 1282 unum

217 1309 364 1351 locum,
392 1319 475 1346 non
513 1310 607 1347 ideo
641 1311 788 1347 domus
815 1311 1062 1349 dicerentur.
1090 1311 1170 1347 nisi
1197 1321 1249 1348 ea
1270 1321 1378 1357 quae
1405 1312 1457 1348 ad
1481 1312 1646 1348 domum
1675 1312 1894 1357 pertinent.

217 1376 564 1421 compositionem
601 1376 815 1413 haberent.
869 1376 939 1413 Illa
975 1379 1114 1413 autem
1152 1377 1232 1413 duo
1270 1377 1449 1417 nomina.
1487 1387 1594 1422 quae
1632 1377 1792 1413 scilicet
1828 1378 1892 1413 vel

217 1443 390 1487 propter
403 1441 683 1486 pluralitatem
699 1443 858 1478 tantum
879 1444 1048 1488 reperta
1069 1444 1164 1479 sunt
1185 1443 1251 1479 vel
1274 1443 1494 1479 collectiva
1514 1444 1620 1483 sunt.
1643 1452 1735 1478 cum
1757 1443 1897 1478 verbis

218 1506 445 1552 pluralibus
473 1508 780 1543 construuntur.
831 1507 933 1544 Nam
961 1510 1002 1544 et
1031 1507 1232 1549 ,homines
1260 1509 1439 1544 currunt·
1469 1510 1509 1544 et
1538 1508 1687 1553 plures
1715 1510 1895 1544 currunt·

162 1574 198 1600 ‘³0
218 1571 404 1608 dicimus.
457 1571 528 1609 Illa
554 1581 655 1608 vero
684 1582 792 1618 quae
830 1573 1060 1609 secundum
1098 1573 1307 1618 quandam
1345 1573 1659 1619 compositionis
1697 1573 1896 1609 unitatem

217 1637 389 1674 inventa
420 1639 527 1678 sunt,
563 1647 646 1674 non
679 1639 976 1674 construuntur
1013 1648 1105 1675 cum
1142 1639 1387 1684 pluralibus;
1430 1648 1513 1675 non
1554 1639 1663 1675 enim
1703 1638 1896 1675 dicimus:

218 1701 376 1740 ‚domus
403 1702 471 1738 vel
498 1701 618 1738 navis
646 1704 763 1738 sunt.‘
816 1701 918 1738 Sunt
952 1704 1091 1739 autem
1119 1703 1239 1739 huius
1273 1703 1442 1748 pluralis
1482 1703 1550 1748 qui
1587 1704 1651 1739 est
1687 1712 1896 1740 numerusv

216 1767 401 1803 binarius
428 1768 469 1803 et
495 1767 703 1803 ternarius
731 1767 940 1804 inferiora.
968 1768 1074 1804 sicut
1100 1768 1221 1804 huius
1250 1768 1421 1813 pluralis
1449 1768 1517 1813 qui
1545 1769 1607 1804 est
1634 1768 1786 1813 plures.
1815 1767 1896 1803 duo

217 1832 283 1868 vel
309 1834 396 1868 tres
423 1832 623 1869 inferiora
649 1834 744 1868 sunt
778 1832 844 1869 vel
880 1833 1002 1869 huius
1039 1833 1107 1878 qui
1143 1835 1207 1869 est
1242 1833 1444 1871 homines.
1484 1833 1564 1869 duo
1602 1833 1793 1869 homines
1829 1833 1896 1869 vel

163 1899 198 1924 ‘2⁵
219 1898 303 1933 tres
330 1897 532 1934 homines.
583 1897 844 1934 Tantundem
873 1898 984 1934 enim
1012 1899 1123 1934 valet
1149 1908 1360 1937 numerus.
1388 1900 1431 1934 ut
1459 1898 1610 1934 dictum
1639 1900 1703 1934 est
1718 1901 1741 1936 ¹.
1770 1907 1898 1943 quan·

218 1964 301 1998 tum
329 1963 523 2001 unitates.
551 1962 793 1999 tantundem
822 1963 1019 2005 binarius,
1057 1965 1254 2009 quantum
1292 1964 1400 2000 duae
1436 1964 1630 2005 unitates,
1659 1964 1726 1999 vel
1760 1965 1898 1999 terna—

217 2027 314 2067 rius.
342 2029 540 2072 quantum
567 2028 652 2064 tres
679 2027 860 2064 unitates
888 2029 929 2064 et
956 2027 1061 2064 sicut
1089 2028 1140 2064 ab
1169 2028 1326 2064 unitate
1354 2037 1480 2064 unum
1517 2030 1724 2073 sumptum
1759 2030 1834 2065 est.
1873 2037 1897 2063 a

217 2102 391 2129 numero
419 2102 520 2129 vero
547 2093 700 2138 plures,
734 2092 791 2129 ita
818 2102 843 2129 a
869 2093 1053 2130 ternario
1088 2095 1186 2133 tres,
1220 2103 1245 2130 a
1278 2093 1439 2130 binario
1474 2094 1566 2130 duo.
1619 2092 1720 2129 Cum
1757 2095 1896 2129 tamen

218 2157 391 2193 dicimus
417 2157 521 2193 duas
555 2157 736 2193 unitates
763 2157 830 2193 vel
857 2159 955 2197 tres.
988 2167 1073 2193 non
1100 2157 1212 2194 circa
1239 2158 1343 2194 duas
1372 2157 1554 2194 unitates
1582 2157 1686 2193 duas
1713 2157 1896 2193 unitates

163 2225 198 2251 ³⁰
219 2221 495 2268 intelligimus.
523 2223 566 2258 ut
592 2221 787 2258 videlicet
818 2222 1005 2259 binarius
1037 2222 1200 2259 binario
1234 2223 1438 2264 adiaeeat,
1475 2222 1551 2259 sed
1582 2224 1668 2259 tres
1696 2231 1897 2258 vocamus
1954 2222 1957 2224 ’

202 2287 400 2341 ,unitates
428 2287 657 2323 secundum
689 2287 838 2323 trinam
872 2297 1010 2324 rerum
1038 2287 1346 2324 discretionem.
1399 2287 1511 2324 Sicut
1539 2288 1648 2324 enim
1677 2297 1801 2323 unum
1830 2287 1895 2323 vel

218 2351 359 2397 plures
387 2351 578 2387 diversas
605 2352 761 2388 habent
793 2351 1135 2397 significationes,
1170 2352 1227 2388 ita
1255 2352 1380 2388 etiam
1408 2352 1489 2388 duo
1516 2352 1584 2388 vel
1611 2354 1709 2388 tres.
1761 2351 1895 2387 Unum

218 2426 398 2461 namque
425 2417 565 2453 modo
594 2417 646 2453 ab
674 2416 868 2453 unitate
895 2418 1109 2467 sumptum¹
1131 2419 1207 2459 est,
1235 2417 1377 2454 modo
1410 2427 1485 2463 pro
1519 2417 1744 2453 discreto
1784 2417 1897 2462 poni-

218 2483 294 2521 tur.
328 2483 370 2518 et
401 2481 542 2527 plures
574 2482 714 2518 modo
751 2491 777 2518 a
812 2491 1016 2518 numero
1057 2484 1132 2524 est,
1172 2483 1313 2519 modo
1355 2492 1379 2519 a
1406 2483 1744 2523 multitudine,
1774 2491 1896 2527 quam

164 2546 553 2583 35Aristoteles2
598 2547 651 2583 ad
696 2547 849 2592 aliquid
894 2548 1028 2588 vocat,
1068 2547 1210 2584 modo
1257 2548 1500 2584 tantundem
1540 2547 1653 2584 valet
1698 2549 1895 2592 quantum

219 2611 444 2648 discreti.
497 2610 692 2648 Similiter
718 2612 799 2648 duo
827 2614 967 2658 potest
994 2615 1034 2649 et
1061 2622 1085 2649 a
1113 2613 1273 2649 binario
1302 2613 1407 2649 sumi
1435 2615 1476 2649 et
1503 2613 1730 2649 secundum
1758 2621 1894 2649 rerum

219 2677 376 2712 certam
404 2676 700 2712 discretionem
727 2677 871 2722 accipi.
924 2677 1024 2713 Cum
1058 2679 1197 2714 autern
1231 2688 1357 2714 unum
1391 2679 1457 2714 vel
1491 2678 1632 2724 plures
1669 2677 1894 2714 secundum

220 2741 513 2778 discretionem
540 2741 810 2787 accipiuntur,
838 2743 889 2778 de
917 2743 1108 2779 omnibus
1136 2743 1259 2779 rebus
1287 2743 1522 2789 singillatim
1548 2743 1612 2779 vel
1647 2742 1894 2779 coniunctim

220 2806 300 2842 dici
327 2808 513 2851 possunt.
564 2806 665 2842 Nam
703 2808 744 2843 et
779 2806 916 2843 unitas
953 2817 1036 2843 una
1072 2808 1146 2848 est,
1184 2808 1223 2844 id
1263 2810 1325 2844 est
1364 2808 1642 2853 personaliter
1679 2817 1703 2843 a
1743 2806 1895 2843 ceteris

165 2883 200 2907 ω
221 2872 346 2908 rebus
374 2871 566 2910 discreta.
601 2873 642 2908 et
668 2872 848 2908 unitates
875 2874 971 2908 sunt
1003 2859 1154 2917 plures.
1192 2873 1231 2908 id
1265 2875 1329 2909 est
1362 2873 1567 2909 discretae
1603 2882 1672 2909 res
1710 2873 1749 2908 in
1787 2881 1834 2907 se
1871 2881 1896 2907 a

220 2935 384 2972 ceteris.
437 2934 633 2971 Similiter
661 2936 777 2975 ‚duo‘.
811 2945 902 2972 cum
932 2937 1158 2972 secundum
1188 2936 1480 2973 discretionem
1508 2937 1684 2982 ponitur.
1719 2936 1770 2972 ad
1799 2945 1896 2980 quo-

363 3054 382 3083 8
411 3054 639 3093 congregata
664 3052 691 3084 A
820 3052 860 3084 10
889 3050 962 3092 vel]
992 3053 1057 3084 sed
1089 3054 1114 3084 Λ
1243 3054 1283 3085 19
1311 3051 1474 3092 curruntl
1501 3062 1566 3085 cur
1592 3053 1699 3086 ctiam
1729 3052 1768 3085 A.

365 3121 374 3142 ¹
404 3121 455 3153 Gr.
483 3130 604 3163 snpra
634 3130 667 3162 p.
699 3121 806 3153 1693ϊὶ
928 3121 943 3142 2
970 3122 1130 3157 Boeth..
1162 3123 1203 3154 In
1232 3123 1355 3162 Galea.
1385 3123 1407 3154 I.
1436 3132 1475 3158 e..
1506 3132 1537 3163 p.
1566 3123 1686 3154 21013.
