2200 3387
343 225 388 255 &ll
761 226 864 257 l'ctcr
891 226 1093 258 Abaclards
1122 226 1254 266 Logicu
1282 221 1603 266 ,Ingredientibus'.

345 331 397 356 cx
415 330 512 357 aere
535 323 575 356 ut
596 321 767 357 materia
785 322 960 366 proprie.
984 324 1091 358 etex
1108 322 1240 367 figura
1262 323 1303 357 ut
1324 331 1377 357 cx
1398 321 1541 363 forma,
1564 322 1622 357 sic
1637 322 1759 357 homo
1776 321 2002 357 communis

345 388 384 420 et
412 385 615 429 specialis,
643 385 720 420 hoc
748 387 809 420 est
836 395 904 421 res
932 385 1049 421 istius
1085 385 1261 421 nominis
1295 385 1429 422 homo.
1463 386 1571 429 quod
1608 395 1825 421 commune
1861 386 1926 421 est
1963 386 2004 421 et

346 450 539 494 speciale.
576 450 763 485 similiter
798 450 986 486 consistit
1023 460 1075 485 cx
1111 459 1277 494 genere.
1318 450 1355 485 id
1393 451 1456 485 cst
1491 459 1544 486 ex
1583 460 1627 485 re
1667 450 1832 495 generis
1872 451 1915 485 ut
1950 459 2002 485 ex

347 515 518 550 materia
546 517 585 550 et
613 524 666 550 ex
694 524 736 550 re
765 515 1024 550 differentiae
1053 518 1094 550 ut
1121 524 1173 549 cx
1201 514 1343 550 forma.

494 580 636 615 Totum
667 582 807 615 autem
839 581 925 619 hoe,
962 580 999 615 id
1037 582 1100 614 est
1133 589 1200 615 res
1233 579 1348 614 istius
1382 579 1645 617 definitionis.
1679 588 1786 624 quae
1813 578 2041 615 videlicet-¹»

347 644 529 680 definitio
558 646 685 680 totum
714 647 777 680 est
805 645 854 680 ad
882 645 1078 689 generale
1113 645 1358 679 vocabulum
1392 646 1432 680 et
1467 645 1518 679 ad
1556 644 1724 679 nomina
1757 643 2006 680 differentia-

347 718 434 744 rum
464 718 515 744 ex
553 709 699 753 quibus
738 709 1007 744 constituitur.
1045 708 1134 751 ipsa
1162 708 1337 752 quidem,
1374 708 1550 752 inquam,
1587 717 1654 743 res
1691 708 1879 743 subiecta
1913 707 2006 743 huic

347 773 578 808 definitioni
606 774 667 808 est
695 773 828 808 homo.
856 772 1234 816 qnemmlmodeum,
1262 771 1419 807 scilicet
1448 772 1485 807 in
1509 771 1803 807 constitutione
1831 772 2006 812 statuae,

348 847 415 873 res
452 838 570 873 liuius
599 837 798 873 orationis
837 846 920 872 aes
960 836 1190 881 figuratum·
1229 836 1337 882 [aes]
1375 838 1522 872 statua.
1573 836 1742 881 Proprie
1782 835 1890 872 enim
1930 835 2008 872 hoc

348 903 438 938 loco
465 912 609 938 vocem
641 905 790 938 totum·
819 902 870 937 ad
900 901 1002 937 alias
1028 911 1167 939 voces.
1202 911 1287 937 rem
1322 911 1403 937 non
1432 902 1483 937 ad
1511 902 1614 937 alias
1641 911 1709 937 res
1736 901 2005 946 appellamus.
2028 909 2061 933 10

348 967 446 1002 Cum
476 967 582 1002 enim
610 977 683 1002 aes
711 967 843 1011 ipsum
872 967 980 1011 quod
1008 967 1047 1002 in
1076 968 1212 1002 statua
1240 968 1314 1005 est.
1344 967 1451 1002 idem
1473 967 1524 1002 sit
1544 966 1707 1011 penitus
1729 966 1837 1011 quod
1859 966 2007 1007 statua,

349 1033 554 1077 quomodo
592 1041 688 1076 pars
729 1031 857 1076 ipsius
898 1031 1083 1067 dicetur?
1135 1031 1282 1067 Omnia
1321 1031 1428 1067 enim
1470 1031 1644 1067 relativa
1683 1031 1829 1067 saltem
1870 1030 1910 1066 in
1947 1040 2009 1066 re—

349 1100 493 1141 spectu
519 1096 713 1132 convenit
729 1096 918 1141 opposita
940 1105 1047 1132 esse.
1070 1098 1113 1131 ut
1133 1096 1245 1131 velut
1265 1097 1398 1131 nullus
1421 1096 1472 1131 sit
1494 1096 1679 1132 eiusdem
1702 1097 1820 1141 pater
1841 1097 1881 1132 et
1900 1095 2009 1131 filius

350 1162 413 1198 vel
443 1162 632 1197 dominus
661 1163 701 1197 et
734 1170 892 1201 servus,
933 1161 993 1197 sic
1020 1170 1097 1197 nec
1125 1162 1272 1197 eadem
1308 1170 1375 1196 res
1403 1161 1572 1196 alterius
1600 1161 1653 1196 sit
1678 1162 1807 1196 totum
1835 1162 1875 1196 et
1900 1169 2009 1205 pars.

349 1227 401 1262 At
422 1236 521 1262 vero
538 1227 641 1262 haec
658 1225 842 1261 definitio
865 1225 1030 1262 animal
1052 1226 1253 1261 rationale
1271 1228 1311 1261 et
1326 1226 1509 1261 mortale‘
1527 1227 1655 1261 totum
1668 1227 1731 1261 est
1746 1227 1827 1261 tam
1847 1234 2010 1270 compo·
2032 1232 2064 1256 15

349 1291 496 1327 sitione
525 1301 646 1335 quam
675 1301 800 1327 sensu
830 1290 881 1326 ad
909 1290 1093 1336 singulas
1121 1290 1333 1331 dictiones,
1355 1291 1501 1335 quibus
1524 1290 1793 1335 coniungitur,
1816 1291 1856 1325 et
1876 1290 2011 1335 singu-

351 1357 480 1392 larum
527 1356 870 1401 significationem
910 1356 1104 1393 continet.
1151 1356 1273 1390 homo
1313 1355 1436 1391 etiam
1473 1355 1700 1391 secundum
1747 1364 1914 1390 sensum
1959 1355 2011 1390 ad

352 1421 525 1457 easdem
552 1430 678 1456 voces
713 1430 787 1465 per
821 1430 924 1465 quas
958 1420 1161 1459 definitur,
1196 1422 1323 1456 totum
1358 1420 1505 1456 dicitur
1543 1430 1639 1456 esse
1672 1420 1711 1455 in
1746 1429 1885 1460 sensu,
1921 1429 2011 1455 cum

353 1485 509 1520 scilicet
537 1485 791 1529 singulorum
815 1484 1044 1520 sententIas
1072 1484 1112 1519 in
1141 1493 1185 1519 se
1214 1484 1435 1525 contineat,
1465 1485 1505 1520 et
1531 1493 1621 1519 cum
1651 1483 1703 1519 sit
1728 1483 1850 1519 homo
1878 1483 2013 1528 singu-

352 1551 480 1585 lorum
516 1559 612 1594 pars
647 1551 843 1593 quantum
880 1549 931 1585 ad
967 1548 1304 1589 nominationem,
1342 1549 1568 1584 eorundem
1604 1549 1733 1584 totum
1770 1548 1916 1584 dicitur
1951 1556 2013 1583 se·
2033 1553 2066 1579 20

353 1615 529 1650 cundum
557 1614 852 1650 continentiam
879 1623 1036 1649 sensus.

496 1679 596 1715 Sunt
623 1681 759 1715 autem
788 1678 952 1723 quidam
981 1678 1047 1723 qui
1074 1680 1117 1714 ut
1144 1678 1361 1717 hominem,
1390 1687 1475 1714 rem
1503 1678 1647 1722 ipsam,
1675 1678 1834 1722 possint
1860 1686 2013 1713 vocare

354 1746 480 1779 totum
510 1744 561 1779 ad
589 1744 739 1779 animal
767 1745 807 1779 et
834 1743 885 1779 ad
913 1743 1180 1780 differentias,
1208 1743 1415 1778 hominem
1444 1743 1582 1778 dicunt
1603 1752 1699 1778 esse
1721 1742 1874 1778 animal
1895 1741 2014 1777 simul

355 1810 395 1844 et
423 1809 690 1845 differentias,
717 1818 799 1844 non
828 1808 979 1843 animal
1005 1808 1225 1843 formatum
1253 1808 1507 1848 differentiis,
1542 1809 1582 1843 et
1618 1807 1804 1843 similiter
1835 1808 2014 1843 statuam

355 1875 507 1909 vocant
533 1883 607 1909 aes
642 1875 681 1908 et
717 1873 903 1918 figuram,
940 1882 1023 1908 non
1059 1882 1132 1908 aes
1169 1872 1398 1918 figuratum.
1452 1872 1567 1912 Quae
1604 1872 1768 1917 quidem
1807 1871 2016 1908 sententia
2035 1877 2069 1902 25

357 1938 487 1973 modis
515 1938 704 1974 omnibus
733 1938 1059 1982 reprehenditur.
1112 1936 1154 1972 Si
1180 1938 1302 1973 homo
1331 1938 1438 1973 enim
1476 1937 1528 1973 sit
1563 1937 1714 1973 animal
1742 1937 1861 1972 simul
1888 1938 1928 1972 et
1954 1946 2016 1972 ra-

356 2003 564 2039 tionalitas
605 2004 645 2039 et
683 2003 911 2038 mortalitas
950 2004 990 2038 et
1025 2012 1107 2038 non
1145 2002 1295 2046 aliquid
1331 2012 1472 2038 eorum
1500 2012 1574 2047 per
1598 2012 1655 2043 se,
1694 2002 1900 2046 quomodo
1927 2001 2016 2046 ipse

357 2068 507 2104 animal
551 2068 790 2104 conceditur
826 2067 891 2103 vel
932 2067 1146 2102 rationalis
1186 2066 1359 2102 dicitur‘?
1420 2066 1537 2106 Quod
1577 2067 1685 2102 enim
1725 2067 1863 2111 aliqua
1900 2066 2018 2111 plura

358 2133 488 2170 simul.
517 2135 655 2168 tamen
677 2133 829 2168 nullum
854 2132 1014 2167 illorum
1036 2141 1130 2167 esse
1157 2133 1303 2176 potest.
1332 2133 1375 2167 ut
1402 2132 1504 2167 haec
1531 2132 1678 2167 albedo
1707 2131 1825 2167 simul
1847 2132 1888 2166 et
1914 2131 2018 2166 haec

358 2207 504 2233 manus
540 2208 675 2242 neque
713 2197 803 2242 ipsa
829 2206 975 2232 manus
1002 2198 1097 2232 sunt
1129 2206 1265 2242 neque
1291 2197 1382 2241 ipsa
1409 2196 1570 2253 albed04
1619 2196 1890 2232 Praeterea
1925 2205 2015 2231 cum
2037 2203 2072 2228 30

358 2263 480 2298 homo
508 2263 723 2298 rationalis
752 2263 815 2303 sit,
844 2262 883 2297 id
910 2264 972 2297 est
1000 2261 1176 2297 affectus
1204 2261 1495 2302 rationalitate,
1524 2262 1735 2306 oporteret
1762 2261 1830 2297 illa
1862 2261 1950 2301 tria,
1984 2259 2019 2296 si

359 2328 481 2363 homo
510 2329 662 2367 essent,
691 2327 842 2363 animal
872 2326 1029 2362 scilicet
1052 2327 1092 2362 et
1114 2326 1435 2362 rationalitatem
1464 2328 1504 2362 et
1531 2326 1834 2367 mortalitatem,
1863 2325 1954 2370 ipsa
1980 2326 2021 2360 et

360 2393 638 2428 rationalitate
665 2392 845 2428 formari.
882 2391 1114 2436 Amplius.
1149 2391 1248 2427 Cum
1270 2391 1457 2427 similiter
1478 2392 1629 2429 animal
1650 2391 1853 2427 rationale
1874 2399 2020 2426 conce-

360 2457 478 2493 datur
506 2467 600 2493 esse
629 2457 779 2492 animal
808 2459 848 2492 et
874 2456 1133 2492 rationalitas
1165 2458 1205 2491 et
1237 2456 1386 2492 animal
1415 2456 1570 2492 risibile
1598 2456 1797 2497 <animal>
1824 2457 1865 2491 et
1890 2454 2021 2491 rIsibi-

359 2504 453 2558 lit'as
487 2524 527 2558 et
560 2532 701 2557 verum
737 2522 788 2557 sit
821 2522 972 2557 animal
1005 2514 1159 2557 risibile
1201 2530 1297 2557 esse
1334 2521 1484 2556 animal
1520 2521 1735 2561 rationale,
1762 2530 1906 2556 verum
1942 2520 2020 2556 erit
2038 2525 2073 2550 35

360 2587 464 2622 haec
487 2587 565 2622 duo
589 2596 682 2622 esse
705 2587 781 2622 illa.
833 2586 1104 2622 Praeterea
1130 2585 1164 2621 si
1182 2586 1315 2621 forma
1334 2587 1497 2621 statuae
1519 2585 1558 2621 in
1581 2585 1803 2621 essentiam
1829 2585 1833 2630 Ι
1857 2586 2020 2621 statuae

361 2652 556 2688 transeat,
588 2652 629 2685 ut
657 2650 849 2686 videlicet
878 2650 968 2695 ipsa
1001 2659 1164 2694 quoque
1202 2650 1254 2685 sit
1280 2658 1376 2694 pars
1408 2649 1497 2684 eius
1526 2649 1565 2684 in
1593 2649 1786 2689 essentia,
1814 2648 2020 2693 quomodo

361 2715 458 2751 dicit
479 2715 717 2751 Boethius
740 2716 778 2750 in
802 2715 1175 2750 Divisionibus¹
1200 2715 1318 2750 aliter
1333 2715 1526 2750 constare
1549 2715 1727 2749 statuam
1750 2723 1803 2749 ex
1823 2713 2021 2758 partibus,

362 2780 481 2816 aliter
508 2789 560 2815 ex
588 2790 686 2816 aere
715 2782 755 2816 et
781 2779 948 2825 specie?

507 2891 546 2921 13
569 2891 626 2922 vel
649 2890 675 2921 A
747 2891 787 2921 15
809 2892 882 2921 tam
903 2889 929 2921 L
951 2897 1058 2929 quam
1082 2888 1109 2919 Α
1133 2888 1179 2926 ΑΕ
1257 2887 1361 2920 16-17
1381 2887 1616 2928 singulariter
1634 2887 1663 2919 A
1715 2887 1823 2919 homo
1845 2887 1954 2920 etiam
1973 2886 2020 2925 A2

363 2948 429 2979 hoc
453 2949 477 2978 A
532 2949 633 2980 20-21
660 2946 873 2987 secundum]
895 2954 930 2985 s;
951 2948 978 2979 A
1004 2948 1049 2979 ad
1068 2947 1116 2984 ΑΞ
1167 2947 1207 2978 24
1230 2945 1300 2986 etl]
1323 2948 1358 2978 et
1378 2947 1425 2984 ΑΒ
1446 2947 1490 2978 ad
1506 2946 1533 2977 A
1581 2946 1623 2978 26
1645 2946 1750 2977 simul
1771 2945 1818 2983 ΑΕ
1844 2945 1970 2977 similis
1991 2945 2019 2977 A

364 3020 401 3049 :51
434 3019 600 3051 rational.
628 3019 744 3059 ipsam
773 3021 808 3050 ct
834 3019 1089 3053 mortalitatem
1117 2993 1151 3049 Ῐιῖ
1177 3018 1205 3050 Α

508 3089 514 3109 ¹
544 3090 703 3127 Boeth„
734 3090 806 3121 Lib.
835 3089 878 3120 (le
905 3089 977 3120 ιΙίυ.
1006 3089 1061 3120 PL
1088 3089 1142 3126 64,
1171 3098 1203 3128 p.
1233 3089 1299 3120 888
1315 3089 1351 3120 Β.
