2200 3387
256 872 579 939 Incipiunt
628 870 905 924 Glossae
954 869 1247 935 magistri
1297 869 1469 922 Petri
1517 868 1873 922 Abaclardi
1928 879 2051 909 [1⁶1-

453 973 655 1026 super
694 959 1248 1012 Praedicamenta
1288 958 1677 1010 Aristotelis.

377 1084 530 1120 Auctor
558 1084 635 1119 iste
658 1093 749 1119 cum
773 1083 1018 1119 tractandae
1041 1083 1203 1128 logicae
1226 1091 1367 1117 curam
1390 1081 1614 1127 praecipue
1637 1082 1906 1126 suscepisset.

234 1150 329 1186 nihil
365 1149 561 1185 intactum
597 1149 772 1194 reliquit.
810 1149 919 1194 quod
954 1149 1044 1184 eius
1079 1148 1294 1184 doctrinae
1328 1147 1613 1183 necessarium
1649 1147 1906 1183 iudIcaverit.

195 1227 212 1252 5
233 1215 350 1251 Unde
379 1225 469 1251 cum
498 1215 632 1260 logica
660 1215 764 1250 ratio
792 1215 844 1250 sit
870 1214 1104 1250 disserendi
1124 1217 1145 1250 ¹.
1175 1214 1251 1249 lioc
1274 1216 1337 1249 est
1359 1213 1556 1249 discretio
1577 1213 1907 1258 argumentandi.

232 1281 618 1326 argumentationes
656 1290 757 1316 vero
796 1280 1151 1325 propositionibus
1190 1279 1423 1324 iungantur.
1461 1278 1769 1323 propositiones
1807 1288 1907 1314 vero

233 1356 285 1383 ex
319 1347 568 1383 dictionibus
603 1348 644 1382 et
682 1346 1021 1382 constitutionem
1049 1355 1163 1381 suam
1203 1347 1244 1381 et
1272 1344 1620 1390 significationem
1649 1345 1906 1380 contrahant.

234 1413 289 1449 ita
316 1412 480 1458 singula
507 1412 728 1458 diligenter
755 1412 974 1448 tractavit·
995 1414 1037 1447 ut
1072 1411 1185 1456 prius
1214 1410 1458 1455 simplicium
1489 1419 1725 1445 sermonum
1756 1409 1904 1455 signifi-

234 1478 439 1514 cationem
469 1480 686 1522 utramque
715 1477 909 1522 aperiret.
944 1486 1036 1513 eam
1065 1476 1231 1521 quidem
1260 1485 1368 1521 quae
1397 1476 1448 1511 de
1476 1475 1626 1511 rebus
1655 1477 1729 1512 est.
1764 1475 1804 1510 in
1832 1475 1909 1511 hoc

182 1553 215 1578 10
235 1552 374 1588 opere.
411 1543 519 1578 illam
557 1551 658 1578 vero
696 1552 803 1587 quae
840 1542 891 1578 de
929 1542 1192 1577 intellectu
1229 1544 1304 1578 est.
1341 1541 1381 1576 in
1417 1540 1525 1576 Peri
1563 1540 1832 1578 ermenias.
1870 1541 1908 1576 in

235 1608 383 1653 quibus
405 1607 529 1644 etiam
551 1608 881 1653 propositionum
904 1607 1182 1653 proprietates
1206 1606 1443 1652 diligentius
1465 1606 1740 1651 prosequitur.
1781 1607 1911 1652 Argu-

238 1673 534 1709 mentationum
575 1683 676 1709 vero
713 1673 943 1709 doctrinam
983 1673 1022 1708 in
1059 1673 1259 1718 Topicis
1297 1672 1475 1716 complet
1512 1674 1552 1707 et
1586 1671 1910 1716 Analyticisss.

236 1739 282 1774 Et
318 1739 396 1775 hoc
433 1739 595 1783 quidem
635 1739 736 1774 ordo
776 1739 975 1774 naturalis
1017 1739 1225 1782 exigebat,
1268 1740 1310 1773 ut
1347 1738 1453 1773 sicut
1491 1740 1631 1782 partes
1667 1737 1912 1772 naturaliter

238 1804 493 1849 praecedunt
530 1814 648 1840 suum
686 1804 972 1849 compositum.
1011 1804 1066 1839 ita
1104 1813 1247 1839 eorum
1287 1803 1474 1839 doctrina
1508 1805 1590 1838 tam
1626 1802 1665 1838 in
1694 1802 1910 1838 tractando

184 1880 217 1904 15
238 1879 360 1914 quam
384 1869 421 1905 in
445 1869 622 1915 legendo
646 1869 882 1914 praecedat.
936 1869 1053 1905 l'nde
1078 1870 1184 1905 bene
1207 1871 1312 1904 teste
1335 1868 1546 1904 Boethio
1562 1870 1576 1891 ³
1602 1868 1706 1903 liber
1730 1867 1797 1912 qui
1820 1867 1912 1903 sim-

238 1935 400 1980 plicium
429 1944 668 1970 sermonum
697 1935 927 1970 doctrinam
955 1935 1090 1971 tradit.
1129 1934 1242 1979 prior
1276 1934 1477 1979 legendus
1506 1933 1614 1969 inter
1640 1935 1781 1969 cetera
1809 1933 1912 1968 Ari-

237 2000 441 2037 stotelis
471 2010 599 2045 opera
627 2000 958 2046 ingredientibus
988 2000 1163 2045 logicam
1193 1999 1382 2035 occurrit.

381 2065 507 2102 Cuius
535 2066 658 2102 etiam
688 2068 795 2102 teste
824 2065 1064 2102 Boethio⁴
1093 2066 1133 2101 in
1162 2065 1239 2101 hoc
1269 2074 1396 2110 opere
1425 2064 1640 2100 intentio
1670 2066 1733 2100 est
1761 2065 1812 2100 de
1838 2064 1914 2109 pri-

240 2132 316 2167 mis
339 2131 513 2167 vocibus
541 2131 673 2176 prima
702 2141 839 2167 rerum
868 2140 1027 2176 genera
1056 2130 1390 2176 significantibus
1418 2130 1458 2166 in
1487 2140 1538 2166 eo
1566 2129 1677 2174 quod
1702 2139 1770 2165 res
1792 2129 1914 2173 signi-

184 2206 219 2231 20
240 2197 376 2235 ficant.
418 2197 643 2242 disputare.
688 2197 765 2233 hoc
803 2199 867 2232 est
904 2206 1046 2233 earum
1085 2196 1432 2241 significationem
1474 2195 1701 2232 secundum
1744 2197 1914 2230 naturas

239 2263 520 2299 subiectarum
548 2272 685 2299 rerum
714 2262 890 2308 aperire.
942 2262 1029 2298 Hoc
1051 2263 1188 2298 autem
1213 2262 1290 2297 liac
1312 2261 1647 2297 consideratione
1668 2261 1776 2296 facit.
1805 2260 1913 2305 quod

239 2338 330 2364 cum
368 2328 528 2364 videret
562 2330 643 2364 tam
680 2337 816 2364 rerum
852 2337 973 2373 quam
1012 2327 1223 2363 nominum
1262 2327 1464 2362 infinitam
1504 2326 1799 2362 multitudinem
1838 2334 1915 2361 nec

241 2397 410 2439 propter
437 2394 680 2429 infinitatem
711 2402 827 2429 suam
858 2393 1021 2437 singula
1050 2396 1194 2437 posset
1222 2392 1430 2437 prosequi.
1459 2391 1742 2427 consideravit
1770 2391 1912 2426 decem

240 2459 418 2496 nomina.
460 2458 498 2494 in
533 2459 680 2504 quibus
716 2468 860 2494 omnes
901 2468 967 2494 res
1005 2458 1086 2494 sint
1123 2458 1308 2493 inclusae
1337 2458 1665 2502 quibuscumque
1701 2456 1915 2492 vocabulis

190 2530 224 2555 25
245 2524 470 2561 subiectae.
494 2534 666 2568 quorum
689 2524 812 2560 etiam
836 2524 980 2560 decem
1003 2523 1225 2560 nominum.
1248 2523 1341 2559 dum
1359 2522 1706 2567 significationem
1724 2522 1915 2567 aperiret.

243 2590 280 2625 in
300 2590 399 2635 ipsis
416 2590 559 2626 decem
583 2593 754 2625 naturas
777 2590 957 2625 omnium
977 2598 1112 2624 rerum
1135 2589 1464 2634 quibuscumque
1483 2588 1614 2624 modis
1637 2588 1913 2623 subiectarum

243 2655 550 2691 demonstraret
578 2657 619 2690 et
646 2655 954 2699 quodammodo
983 2654 1163 2690 omnium
1195 2654 1404 2689 nominum
1434 2653 1764 2698 significationes
1793 2653 1830 2688 in
1855 2652 1916 2687 liis

389 2779 399 2808 1
434 2777 778 2817 superscriptionis
812 2777 943 2817 prima
982 2776 1093 2808 verba
1130 2778 1288 2817 propter
1325 2775 1574 2807 (tbset'simwm
1614 2775 1696 2806 solii
1732 2775 1804 2813 leqi
1841 2783 1916 2806 ηοη

240 2838 424 2878 possunt:
446 2837 488 2868 rs.
506 2836 771 2869 (ji-abmann.
795 2836 1055 2875 Millee'lmeyen
1080 2836 1170 2867 iiber
1197 2835 1468 2867 scholastiseho
1490 2834 1627 2866 Funde.
1684 2834 1769 2865 Tim.
1797 2833 1916 2865 leol.

246 2896 545 2935 Quarmlselzril!
576 2896 676 2931 1911,
705 2896 770 2926 53⁸
895 2897 914 2926 :3
943 2896 1034 2927 loice
1062 2896 1087 2927 Α
1194 2895 1233 2926 12
1264 2895 1464 2926 Analcticis
1492 2894 1519 2925 A

390 2974 395 2994 ¹
429 2973 587 3007 Boetli..
618 2972 658 3004 In
692 2972 778 3012 Top.
808 2973 878 3004 Fir.
910 2972 962 3004 PL
990 2973 1046 3006 (5⁴.
1076 2981 1108 3012 p.
1141 2972 1226 3003 1044
1245 2973 1282 3003 (Ἃ

384 3031 399 3053 '-'
427 3033 452 3064 Α
467 3032 588 3065 bacl..
607 3030 1048 3071 (1'Inszs-(u’s-upe1·Porph.
1070 3039 1191 3071 snpra
1212 3039 1244 3070 p.
1259 3031 1296 3063 2:
1325 3031 1366 3061 rs.
1392 3029 1551 3064 novin..
1583 3029 1622 3060 In
1641 3030 1764 3068 salty.
1789 3029 1841 3061 I'l,
1863 3030 1917 3063 (Η,

247 3103 278 3133 p.
310 3094 368 3124 1⁴51
392 3092 426 3124 Β.

387 3152 401 3170 ⁵⁸
429 3151 590 3185 Boctli.v
623 3150 662 3181 Ιη
693 3150 816 3188 valea.
847 3149 867 3181 Ι.
897 3158 936 3185 ι’..
966 3158 998 3189 p.
1030 3149 1147 3181 1613.
1248 3150 1258 3170 ⁴
1290 3149 1435 3181 Hoetli.
1466 3148 1486 3180 I.
1515 3159 1554 3183 (·.,
1585 3157 1616 3188 p.
1649 3149 1707 3179 liii
1731 3148 1770 3179 A.

319 3212 432 3239 lli-itr.
456 3211 527 3238 xxi.
566 3214 706 3244 boyer.
730 3210 899 3237 Aluit-lunis
921 3210 1026 3243 philus.
1048 3209 1208 3236 Schriften.
1757 3205 1776 3229 S
