2200 3387
303 248 371 282 220
705 247 810 278 Potor
837 244 1040 277 Abaelards
1070 244 1204 284 liogica
1231 239 1556 283 ,Ingredientibus‘.

305 356 356 382 ex
385 355 435 381 eo
464 344 571 389 quod
599 342 890 387 paternitatem
920 342 1054 376 babet.
1084 340 1313 375 secundum
1339 339 1470 383 ipsam
1493 337 1544 372 ad
1572 336 1699 372 filium
1721 335 1902 380 respicit,
1931 335 1969 371 in

304 421 354 446 eo
382 409 568 445 similiter
604 407 712 452 quod
751 406 858 442 filius
895 408 969 442 est.
1004 406 1041 440 id
1079 406 1143 439 est
1179 404 1422 439 filiationem
1460 402 1595 438 babet.
1649 400 1767 439 Quod
1806 400 1970 444 quidem

304 485 447 511 verum
476 484 556 509 non
585 475 707 509 esset.
744 472 822 507 nisi
859 471 991 507 omnis
1020 472 1138 515 pater
1177 471 1216 504 et
1253 469 1366 504 solus
1404 478 1456 503 ex
1497 476 1546 502 eo
1585 465 1825 510 simpliciter
1863 464 1973 509 quod

306 544 423 585 pater
451 542 524 575 est.
552 539 676 574 filium
706 537 744 572 in
774 546 824 572 eo
853 535 1095 580 simpliciter
1121 535 1228 579 quod
1258 533 1365 569 filius
1394 535 1467 568 est.
1498 531 1739 575 respiceret.
1792 529 1911 565 Unde
1938 529 1973 565 si

309 606 399 650 quis
427 604 576 640 dixerit
605 605 746 640 ,mater
773 602 843 637 filii
872 604 1011 636 mater·
1042 600 1107 635 vel
1146 599 1239 635 ,filia
1274 598 1401 642 patris
1440 597 1534 632 filia·
1564 596 1628 631 vel
1668 604 1800 632 ,soror
1834 594 1973 630 fratris
1994 603 2010 625 5

307 678 450 707 soror.
473 668 660 714 quamvis
691 669 821 702 mater
849 674 1012 709 quoque
1035 664 1099 699 vel
1128 663 1214 699 filia
1242 663 1332 698 sive
1361 671 1480 697 soror
1503 660 1765 706 designativa
1792 661 1887 695 sunt
1912 669 1974 695 re·

305 735 504 772 lationum
533 732 699 769 feminei
729 740 868 767 sexus,
897 730 977 764 vim
1015 732 1153 764 tamen
1183 727 1396 764 relationis
1424 726 1631 762 veraciter
1657 735 1739 760 non
1768 724 1973 769 exprimit.

305 800 401 845 quia
429 799 505 834 etsi
533 797 691 842 <quom
722 798 852 831 mater
880 797 954 831 est.
983 804 1035 830 ex
1063 794 1146 829 filio
1181 793 1345 828 habeat.
1383 801 1464 827 non
1503 793 1641 826 tamen
1677 791 1850 825 matrem
1879 798 1975 825 esse

306 865 376 900 filii
398 863 630 909 proprietas
654 861 792 905 exigit.
810 861 915 895 sicut
936 858 1180 895 necessario
1204 859 1361 902 patrem
1386 866 1481 892 esse
1499 855 1670 893 confert.
1691 856 1810 900 pater
1825 854 1976 899 quippe

307 933 347 965 et
361 929 468 964 filius
492 927 605 971 1'q11i*
628 927 678 962 ad
702 926 878 961 invicem
902 924 1127 960 secundum
1147 923 1227 958 vim
1251 921 1464 958 relationis
1487 920 1808 965 reciprocantur,
1831 919 1977 955 utrius·
1999 925 2031 949 10

307 1004 386 1039 que
414 1003 541 1029 sexus
570 991 763 1028 animalia
792 990 1017 1025 continent.
1046 990 1179 1024 mater
1202 997 1300 1023 vero
1326 988 1387 1022 vel
1416 986 1501 1022 iilia
1528 985 1725 1021 inferiora
1753 986 1848 1020 sunt
1869 993 1976 1029 quae

309 1069 389 1095 non
418 1058 496 1094 nisi
526 1058 561 1093 in
593 1055 883 1101 designatione
920 1054 1164 1090 feminarum
1204 1052 1333 1096 accipi
1372 1052 1562 1087 videntur
1599 1060 1676 1086 nec
1710 1050 1788 1086 nisi
1827 1059 1879 1085 ex
1917 1058 1978 1085 re-

309 1123 531 1159 lationibus
558 1130 698 1157 earum
727 1119 966 1155 convenire.
1018 1118 1159 1154 Potest
1188 1118 1326 1161 itaque
1355 1117 1461 1152 filius
1484 1125 1580 1151 esse
1601 1116 1657 1151 ita
1679 1116 1722 1150 ut
1743 1116 1875 1150 mater
1895 1123 1976 1150 non

308 1189 370 1225 sit.
400 1188 472 1224 sed
502 1197 582 1223 non
613 1187 768 1230 absque
798 1186 914 1229 patre
943 1187 983 1219 et
1014 1185 1174 1228 *paterj*
1204 1184 1339 1227 potest
1370 1192 1465 1217 esse.
1494 1182 1652 1225 absque
1675 1179 1771 1217 filia.
1799 1179 1871 1215 sed
1895 1188 1977 1214 non

308 1254 464 1298 absque
485 1252 582 1288 filio.
614 1251 775 1296 quippe.
798 1251 840 1285 ut
862 1250 1025 1286 (lictum.
1048 1251 1167 1293 pater
1194 1250 1234 1283 et
1262 1247 1381 1285 iilius,
1409 1246 1514 1282 haec
1552 1245 1730 1282 nomina.
1758 1247 1977 1289 utrumque
2001 1248 2033 1271 1⁵

311 1328 456 1354 sexum
497 1316 783 1361 generantium
826 1315 890 1350 vel
931 1316 1224 1359 generatorum
1264 1312 1478 1347 continere
1513 1312 1688 1356 possunt
1723 1311 1848 1354 atque
1885 1309 1978 1345 ideo

310 1383 498 1428 digniora
535 1382 620 1416 suis
652 1380 817 1417 feminis
857 1379 1058 1414 videntur.
1111 1378 1229 1413 Unde
1268 1378 1374 1412 bene
1412 1376 1474 1411 vis
1512 1375 1728 1427 relationis
1764 1384 1840 1419 per
1876 1375 1980 1410 haec

310 1448 477 1483 nomina
505 1449 623 1491 pater
657 1448 695 1481 et
732 1445 840 1480 filius
878 1443 1053 1488 exprimi
1092 1444 1240 1488 potest.
1276 1442 1349 1477 scd
1386 1445 1506 1479 ‘nonj>
1545 1450 1618 1485 per
1655 1440 1735 1475 ista
1772 1441 1906 1475 mater
1941 1441 1982 1475 et

310 1513 429 1548 iilius.
458 1522 547 1548 cum
578 1511 769 1546 videlicet
796 1510 835 1545 in
864 1519 914 1544 eo
943 1509 1050 1553 quod
1079 1508 1197 1547 filius,
1232 1509 1405 1543 matrem
1434 1515 1516 1542 non
1545 1505 1699 1541 habeat
1726 1505 1832 1540 sicut
1858 1504 1982 1540 habet

313 1580 482 1622 patrem.
536 1576 642 1611 idem
685 1578 820 1611 autem
861 1574 910 1609 de
947 1575 1073 1609 fratre
1109 1575 1150 1608 et
1185 1581 1329 1607 sorore
1367 1571 1584 1607 dicendum
1623 1572 1696 1609 est,
1735 1569 1842 1614 quod
1881 1569 2036 1611 <de>2⁰

313 1646 429 1687 patre
458 1644 498 1677 et
526 1643 668 1677 matre.
704 1641 810 1684 quod
841 1639 998 1675 scilicet
1025 1647 1191 1682 semper
1219 1638 1257 1672 in
1287 1637 1577 1681 designatione
1605 1636 1818 1679 utriusque
1856 1644 1982 1670 sexus
2039 1672 2043 1677 ,

313 1707 445 1751 accipi
474 1708 610 1750 potest
638 1708 677 1741 et
705 1705 741 1740 vi
772 1704 996 1741 relationis,
1031 1704 1135 1739 sicut
1163 1702 1294 1738 simile
1323 1702 1441 1737 simili
1471 1704 1511 1737 ct
1539 1701 1645 1736 idem
1675 1709 1826 1736 nomen
1856 1700 1905 1735 ad
1936 1709 1982 1735 se

314 1773 443 1817 ipsum
468 1772 504 1806 vi
534 1771 747 1806 relationis
769 1769 976 1813 assignari
1004 1770 1141 1813 potest
1169 1769 1338 1812 propter
1366 1766 1601 1802 relationes
1630 1765 1858 1801 secundum
1879 1774 1982 1809 quas

314 1837 481 1872 diversa
510 1835 696 1871 subiecta
724 1844 819 1869 sese
848 1834 1085 1878 respiciunt.
1139 1832 1339 1868 Diversae
1367 1832 1518 1876 quippe
1557 1833 1651 1866 sunt
1687 1829 1982 1867 fraternitates,

316 1903 483 1946 propter
510 1910 614 1945 quas
642 1900 704 1936 isti
734 1900 884 1935 iratres
913 1899 1111 1934 dicuntur.
1165 1898 1281 1938 Quod
1320 1899 1457 1932 autem
1496 1899 1669 1940 supra¹
1709 1894 1982 1932 meminimus.
2004 1896 2038 1919 ⁸25·

314 1977 395 2002 non
437 1975 598 2001 omnem
641 1965 801 2001 scilicet
841 1964 1165 2008 assignationem
1208 1963 1437 2006 aliquorum
1483 1962 1533 1997 ad
1578 1961 1753 1997 invicem
1792 1959 1881 1996 fieri
1922 1963 1983 1994 se·
2010 1976 2019 1985 ·

315 2032 490 2067 cundum
521 2031 600 2066 vim
636 2030 860 2066 relationis,
896 2028 1158 2064 manifestum
1195 2030 1275 2069 est;
1317 2027 1468 2071 quippe
1509 2027 1713 2070 quaedam
1755 2024 1980 2061 secundum

315 2096 628 2141 possessionem
668 2095 803 2129 solent
836 2093 1041 2138 assignari
1070 2093 1120 2128 ad
1150 2093 1231 2128 alia
1258 2092 1322 2127 vel
1352 2091 1576 2127 secundum
1607 2100 1773 2126 causam
1803 2090 1980 2134 aliquam

317 2162 381 2197 vel
409 2160 635 2197 secundum
665 2160 795 2195 solam
824 2158 1015 2194 vocabuli
1050 2158 1378 2202 designationem
1409 2156 1473 2192 vel
1508 2157 1689 2191 fortasse
1717 2156 1808 2190 aliis
1837 2154 1983 2190 modis·

318 2227 391 2261 Ala
412 2226 519 2261 enim
542 2225 639 2260 alati
661 2225 723 2260 vel
743 2224 959 2268 disciplina
975 2222 1222 2267 disciplinati
1243 2222 1389 2257 dicitur
1405 2222 1632 2257 secundum
1655 2220 1984 2265 possessionem.
2005 2226 2040 2248 ³2⁰

317 2291 413 2335 quia
439 2290 713 2325 ostenduntur
741 2289 792 2324 ab
821 2289 881 2324 eis
911 2288 1115 2332 possideri
1146 2296 1319 2331 quorum
1356 2296 1451 2322 esse
1487 2286 1687 2321 (licuntur.
1726 2295 1805 2320 non
1846 2285 1898 2320 ad
1935 2293 1986 2320 ea

318 2356 530 2400 respicere
559 2357 599 2391 et
626 2365 716 2391 cum
746 2364 768 2390 e
797 2363 1002 2389 converso
1041 2353 1187 2388 dicitur
1223 2352 1372 2388 alatum
1412 2353 1477 2387 ala
1514 2352 1665 2387 alatum
1704 2351 1770 2386 vel
1810 2350 1987 2395 discipli-

319 2423 455 2456 natum
487 2420 703 2464 disciplina
731 2419 1048 2463 disciplinatum,
1086 2417 1248 2462 quidam
1280 2418 1453 2453 eftectus
1481 2417 1544 2452 vel
1574 2425 1726 2451 causae
1754 2415 1986 2460 proprietas

319 2485 572 2529 exprimitur.
603 2494 692 2520 cum
726 2485 802 2519 boc
826 2493 899 2528 per
920 2483 1015 2518 illud
1039 2492 1134 2518 esse
1157 2483 1313 2518 (licitur.
1343 2482 1537 2517 Similiter
1557 2491 1648 2516 cum
1671 2480 1819 2516 dicitur
1839 2489 1986 2516 amans

320 2560 415 2585 esse
445 2550 534 2585 eius
562 2549 627 2593 qui
657 2551 820 2584 amatur
847 2548 910 2583 vel
943 2548 1009 2591 qui
1037 2549 1209 2583 amatur.
1237 2548 1288 2582 ab
1317 2548 1483 2582 amante
1511 2546 1653 2583 amari.
1687 2545 1851 2581 videtur
1877 2544 1984 2580 actIO
2006 2551 2040 2575 35

321 2614 522 2658 quaedam
554 2623 681 2649 causa
709 2613 932 2648 monstrari
960 2612 1166 2656 passionis
1194 2621 1314 2655 quam
1345 2612 1477 2647 infert.
1512 2611 1652 2656 passio
1683 2620 1783 2646 vero
1811 2610 1987 2645 effectus

319 2688 397 2714 nec
414 2679 492 2714 ulla
508 2679 569 2713 vis
593 2678 805 2713 relationis
827 2677 1013 2722 exprimi.
1066 2676 1371 2712 Vocabulorum
1395 2685 1559 2720 quoque
1582 2675 1799 2720 possessio
1821 2683 1989 2719 semper

319 2743 357 2778 in
387 2743 588 2778 relatione
617 2743 849 2778 consistere
878 2742 1050 2778 videtur.
1085 2751 1174 2777 cum
1212 2744 1347 2776 tamen
1378 2741 1510 2776 nullas
1539 2740 1766 2776 relationes
1794 2748 1862 2775 res
1895 2740 1988 2774 sub-

322 2808 454 2843 iectae
482 2808 673 2843 babeant.
702 2810 743 2842 ut
771 2807 802 2843 si
833 2807 1018 2842 dicamus
1047 2806 1185 2850 aliqua
1213 2816 1306 2842 esse
1336 2805 1529 2850 opposita
1566 2805 1642 2840 sibi
1669 2805 1734 2840 vel
1769 2805 1931 2839 remota
1963 2812 1988 2838 a

321 2882 364 2906 se
393 2881 446 2907 ex
474 2882 524 2907 eo
553 2872 660 2916 quod
683 2873 800 2913 <hocs
833 2882 913 2907 non
935 2874 997 2907 est
1019 2872 1126 2909 illud.
1149 2872 1282 2906 nullas
1304 2871 1530 2906 relationes
1552 2870 1693 2905 inesse
1716 2868 1987 2905 ostendimus
2008 2873 2043 2897 40

463 2985 481 3011 ὅ
511 2982 608 3021 quial
632 2991 738 3021 quam
756 2983 781 3014 Α
837 2980 973 3020 tamen]
995 2984 1132 3012 tantum
1156 2981 1178 3011 „l
1302 2982 1341 3012 17
1365 2981 1419 3012 sui
1436 2980 1462 3012 A
1578 2981 1614 3012 21
1649 2979 1809 3020 semper]
1832 2978 1983 3018 superA

322 3042 363 3072 22
392 3042 462 3071 vim
491 3041 518 3072 A
620 3042 661 3073 24
691 3041 871 3081 recipiunt
898 3041 925 3072 A
1027 3042 1068 3071 :3⁴
1098 3048 1176 3071 cnm
1207 3049 1272 3079 per
1300 3040 1366 3070 boc
1396 3048 1460 3079 per
1481 3040 1505 3071 Λ
1609 3038 1716 3070 :is-:39
1738 3038 1924 3069 subiectas
1944 3037 1986 3068 A.

465 3111 472 3131 ¹
505 3112 555 3143 (Ὺ.
583 3120 703 3151 supra
734 3121 766 3151 Ι).
796 3111 861 3143 ⁴219
885 3107 991 3144 ¹⁰—st
