2200 3387
488 236 517 266 2.
548 232 612 265 Die
641 234 796 266 tilossen
826 242 868 265 zu
897 232 965 266 (len
996 232 1231 273 Kategorien.
1259 250 1303 254 —
1332 232 1383 264 De
1411 232 1603 273 oppositis.
1855 230 1924 265 273

243 331 399 368 vationi
428 334 469 367 et
496 331 650 368 habitui
680 331 903 367 conveniat
932 332 972 367 et
1000 332 1133 366 utrum
1162 330 1273 368 solis.
1304 330 1525 366 videndum
1561 333 1636 366 est.
1689 329 1770 366 Sed
1806 329 1839 366 si
1868 330 1923 366 vi-

243 396 367 432 duum
397 399 436 433 et
466 399 683 432 uxoratum
714 396 899 432 dicamus
927 395 1155 432 secundum
1195 395 1468 440 privationem
1508 398 1548 431 et
1586 395 1781 435 habitum,
1818 395 1924 431 sicut

244 462 484 499 Boethius
514 462 551 498 in
582 462 958 498 Divisionibus¹
999 463 1190 496 astruere
1226 460 1398 500 videtur.
1438 461 1582 496 l’alsum
1619 460 1792 499 videtur.
1831 471 1922 497 cum

243 526 347 563 haec
374 526 692 563 determinatum
723 529 884 571 tempus
913 535 993 561 non
1024 526 1216 561 habeant.
1270 525 1349 560 Sed
1380 525 1485 560 sieut
1513 525 1551 560 in
1583 524 1745 560 llabere
1774 534 1924 570 supe-

206 599 222 621 :·=
245 592 281 627 ri
295 595 372 627 us'-'
387 592 578 629 diximus.
595 594 776 627 sortasse
788 591 817 627 B
829 592 940 627 oetli
955 590 1028 626 ius
1046 590 1199 635 largius
1216 590 1491 634 privationem
1507 592 1547 625 et
1563 589 1743 625 habitum
1762 589 1925 634 accepit

193 925 224 949 lo

195 2228 229 2253 30

245 658 283 693 in
312 656 661 693 Divisionibus
691 666 812 702 quam
843 656 1150 692 Aristoteles
1186 655 1262 690 hoc
1282 655 1400 701 joco.
1453 655 1556 690 Nihil
1585 655 1707 690 etiam
1743 654 1923 690 sortasse

244 721 377 758 oberit
404 721 455 757 ad
484 721 561 757 lioc
589 721 698 766 quod
728 720 766 756 in
795 720 1068 765 sequentibus
1097 719 1216 756 dicet.
1255 719 1288 755 si
1318 719 1396 755 hoc
1433 719 1624 755 omnibus
1664 729 1744 755 non
1773 728 1924 755 conve—

244 786 339 825 niat.
377 785 534 822 scilicet
563 785 717 821 habere
747 784 1067 820 determinatum
1107 786 1280 828 tempus.
1334 783 1451 824 Quod
1491 784 1524 819 si
1563 783 1686 819 etiam
1725 783 1924 823 dicamus,

245 852 465 895 postquam
495 849 656 886 venerit
683 849 733 885 ad
770 847 1087 884 determinatum
1126 849 1300 892 tempus,
1339 856 1508 892 semper
1545 847 1609 883 vel
1648 847 1924 893 privationem

245 915 310 951 vel
339 915 522 951 habitum
552 915 702 952 inesse.
737 913 952 959 quaeritur
980 913 1030 949 de
1059 913 1226 949 homine
1264 913 1508 954 dormiente,
1549 914 1681 948 utrum
1720 912 1922 948 visionem

245 980 397 1016 habeat
419 980 483 1016 vel
507 979 764 1016 caecitatem.
812 978 893 1015 Sed
916 988 1007 1014 eum
1031 988 1112 1014 non
1136 978 1287 1017 videat.
1309 977 1518 1023 quomodo
1542 977 1747 1014 visionem
1771 977 1925 1014 liabet‘?

245 1044 362 1086 Quod
391 1045 425 1081 si
453 1054 606 1081 caecus
644 1047 719 1083 est,
758 1053 979 1089 numquam
1018 1043 1194 1089 amplius
1232 1043 1399 1081 videbit.
1437 1043 1543 1088 quia,
1581 1045 1624 1079 ut
1661 1043 1812 1079 dictum
1851 1046 1926 1082 est.

246 1118 326 1145 non
356 1111 494 1154 potest
523 1108 611 1145 l'ieri
639 1108 848 1154 regressio
879 1108 929 1144 de
952 1107 1187 1153 privatione
1219 1108 1269 1144 ad
1300 1107 1494 1144 habitum.
1547 1106 1750 1143 Solutio.
1798 1106 1926 1148 visio,

244 1174 322 1211 hoc
351 1184 514 1212 nomen.
543 1174 703 1210 duobus
734 1173 865 1210 modis
892 1173 1104 1219 accipitur.
1133 1173 1229 1218 quia
1258 1175 1297 1209 et
1326 1173 1541 1209 cuiusdam
1570 1172 1745 1209 actionis
1773 1181 1925 1209 nomen

208 1251 224 1273 .-·.
246 1242 320 1278 est.
349 1249 373 1276 a
401 1249 482 1285 qua
511 1239 654 1278 ‚vide-0·
691 1239 863 1275 verbum
890 1241 1099 1284 sumptum
1137 1242 1210 1280 est,
1249 1248 1356 1284 quae
1393 1239 1560 1284 quidem
1597 1238 1705 1274 actio
1743 1248 1825 1274 non
1863 1241 1927 1274 est

247 1305 410 1342 habitus
439 1314 575 1350 neque
604 1305 643 1341 in
673 1305 905 1341 dormiente
945 1307 1019 1344 est,
1058 1307 1098 1341 et
1125 1305 1297 1349 insuper
1324 1304 1538 1340 cuiusdam
1568 1303 1788 1349 qualitatis,
1818 1312 1926 1348 quae

249 1371 286 1407 in
316 1371 406 1416 ipso
435 1379 600 1416 quoque
630 1370 862 1407 dormiente
897 1372 972 1408 est,
1007 1379 1114 1415 quae
1153 1370 1317 1415 quidem
1356 1369 1534 1415 qualitas
1572 1369 1736 1406 habitus
1775 1371 1838 1405 est
1875 1368 1927 1405 ad

247 1437 503 1473 caecitatem.
541 1446 565 1472 a
593 1446 675 1481 qua
702 1436 868 1481 quidem
897 1435 1093 1481 qualitate
1122 1435 1271 1472 videns
1299 1444 1449 1471 nomen
1479 1436 1687 1480 sumptum
1715 1437 1788 1473 est,
1817 1434 1926 1479 quod

247 1502 296 1538 de
326 1502 416 1547 ipso
446 1511 612 1547 quoque
642 1501 874 1538 dormiente
902 1501 1180 1546 praedicatur.

390 1567 534 1603 Restat
567 1568 608 1603 et
649 1566 730 1603 alia
767 1566 1022 1612 quaestio,
1063 1569 1196 1603 utrum
1234 1566 1429 1603 videlicet
1468 1566 1603 1607 homo,
1645 1566 1715 1611 qui
1753 1566 1927 1602 alterum

247 1632 409 1669 oculum
437 1641 585 1668 sanum
613 1632 749 1673 habet,
777 1632 952 1668 alterum
975 1631 1161 1668 vitiatum
1183 1633 1224 1668 et
1245 1631 1325 1668 iam
1347 1631 1400 1668 ad
1422 1631 1742 1668 determinatum
1764 1632 1927 1676 tempus

247 1698 419 1736 venerit.
447 1698 580 1743 possit
608 1698 686 1734 dici
715 1698 778 1734 vel
807 1697 1011 1734 visionem
1040 1697 1196 1734 habere
1224 1697 1290 1733 vel
1319 1696 1577 1733 caecitatem.
1630 1696 1711 1733 Sed
1741 1696 1927 1742 profecto

247 1763 281 1799 si
321 1763 566 1800 caecitatem
609 1766 649 1800 et
684 1763 887 1800 visionem
925 1762 963 1799 in
1002 1763 1122 1799 oculo
1165 1765 1321 1799 tantum
1362 1771 1625 1808 poneremus,
1662 1762 1774 1798 nulla
1814 1764 1928 1798 esset

248 1829 449 1874 quaestio.
487 1829 583 1874 quia
620 1829 654 1865 is
683 1828 826 1865 oculus
855 1829 921 1874 qui
960 1828 1107 1864 videns
1145 1830 1219 1868 est.
1245 1831 1338 1873 lnon
1377 1830 1441 1864 est
1474 1836 1638 1864 caecus.
1691 1827 1771 1864 Sed
1813 1827 1847 1864 si
1887 1827 1927 1863 in

193 1908 208 1933 ς
249 1902 431 1938 persona
469 1902 673 1938 ponamus
702 1893 834 1938 gratia
863 1893 1086 1930 oculorum,
1116 1893 1280 1928 videtur
1306 1892 1416 1937 quod
1452 1892 1556 1928 sicut
1593 1902 1667 1937 per
1706 1891 1827 1928 istum
1865 1893 1929 1927 est

250 1958 408 1997 videns.
437 1959 488 1995 sit
516 1968 590 2004 per
617 1959 727 1995 illum
756 1968 919 1995 caecus.
974 1958 1053 1995 Sed
1084 1968 1165 1994 non
1194 1960 1266 1994 est.
1320 1957 1524 1999 Quamdiu
1561 1958 1671 1994 enim
1705 1959 1825 2003 aptus
1865 1958 1929 1994 est

247 2023 300 2059 ad
327 2023 551 2060 videndum
589 2023 676 2059 sive
712 2033 786 2068 per
822 2033 946 2059 unum
985 2023 1075 2059 sive
1112 2032 1187 2068 per
1224 2023 1327 2059 duos
1365 2023 1521 2063 oculos,
1558 2032 1642 2058 non
1670 2022 1817 2058 videns
1851 2023 1926 2057 est.

249 2088 330 2125 Sed
357 2088 536 2125 fortasse
559 2088 681 2125 aliam
710 2089 823 2134 prius
846 2089 1051 2125 visionem
1082 2088 1275 2126 habebat.
1308 2097 1415 2134 quae
1447 2088 1605 2125 scilicet
1635 2087 1768 2133 gratia
1798 2087 1931 2123 diver-

249 2164 388 2191 sorum
427 2155 640 2191 oculorum
682 2157 782 2192 erat.
818 2164 940 2200 quam
975 2154 1097 2191 modo
1133 2155 1208 2191 est.
1240 2157 1383 2196 <cum>
1413 2154 1583 2199 propter
1610 2162 1734 2189 unum
1769 2154 1927 2189 tantum

251 2219 303 2255 sit
331 2219 490 2255 videns

392 2285 491 2321 Illud
520 2294 684 2330 quoque
720 2284 1059 2331 quaesrendum
1094 2284 1270 2325 videtur,
1308 2284 1517 2330 quomodo
1555 2283 1652 2320 dicit
1688 2292 1770 2319 non
1807 2292 1930 2328 posse

250 2350 341 2386 i'ieri
369 2349 679 2395 regressionem
702 2349 752 2386 de
782 2350 1017 2395 privatione
1039 2350 1091 2386 ad
1113 2350 1309 2388 habitum,
1332 2359 1423 2386 eum
1447 2349 1480 2385 is
1503 2358 1668 2394 quoque
1689 2349 1757 2394 qui
1778 2357 1931 2385 caecus

252 2417 326 2455 est.
361 2415 493 2460 possit
522 2414 676 2453 videre.
714 2415 821 2451 sicut
857 2418 898 2452 et
934 2416 1001 2452 ille
1036 2416 1103 2461 qui
1138 2417 1323 2452 curtatus
1364 2418 1438 2453 est.
1480 2416 1586 2451 teste
1615 2413 1931 2459 porphyrio&

251 2483 372 2526 aptus
401 2483 465 2516 est
492 2480 543 2516 ad
571 2480 807 2518 habendum
838 2481 941 2517 duos
971 2481 1118 2527 pedes;
1147 2481 1257 2517 unde
1286 2484 1326 2517 et
1352 2480 1471 2526 bipes
1500 2480 1646 2517 dieitur
1674 2480 1778 2516 sicut
1803 2479 1932 2515 ceteri

217 2554 230 2575 r.
253 2545 442 2582 homines
470 2554 648 2590 quoque,
687 2555 760 2591 pro
789 2556 839 2582 eo
868 2546 1026 2583 scilicet
1053 2547 1211 2591 <quod>
1240 2555 1490 2592 quamquam
1519 2545 1684 2582 habitus
1713 2545 1863 2590 pedum
1892 2544 1932 2580 in

253 2610 500 2656 quibusdam
526 2615 648 2652 mon>
668 2611 883 2657 contingat
905 2612 1150 2654 hominibus,
1174 2612 1381 2648 humanae
1404 2614 1579 2648 naturae
1601 2621 1684 2647 non
1707 2612 1930 2656 repugnet:

252 2675 438 2711 similiter
483 2675 638 2712 habere
677 2676 822 2715 visum.
866 2676 980 2712 iuxta
1026 2676 1136 2721 quod
1179 2676 1443 2722 superlus⁴
1484 2675 1793 2712 Aristoteles
1831 2673 1933 2710 dixit

254 2740 385 2786 ipsum
416 2740 483 2785 qui
510 2741 589 2777 iam
618 2740 804 2786 privatus
828 2743 902 2778 est.
931 2741 1243 2787 susceptibilem
1267 2750 1361 2778 esse
1384 2741 1548 2777 habitus
1572 2740 1634 2776 his
1656 2740 1813 2776 verbis:
1843 2738 1933 2777 ,Pri-

254 2806 342 2842 vari
371 2815 470 2842 vero
499 2809 594 2842 tunc
623 2806 807 2843 dicimus·
838 2809 913 2843 etc.
968 2806 1085 2843 Unde
1113 2816 1260 2843 omnes
1290 2807 1479 2843 homines
1508 2806 1776 2842 concedimus
1806 2813 1932 2850 posse

399 2946 437 2977 21
470 2946 699 2978 terminatum
729 2945 754 2977 A

399 3010 406 3031 ¹
439 3011 587 3043 Boeth.
615 3010 725 3043 Liber
751 3011 796 3043 de
822 3010 930 3043 ‹liz-is.
959 3010 1014 3043 PL
1041 3009 1097 3049 (54,
1126 3020 1159 3051 p.
1189 3011 1309 3043 55:315.
1409 3009 1423 3032 '-'
1451 3011 1502 3043 Gr.
1531 3018 1651 3051 snpra
1683 3019 1714 3050 p.
1745 3009 1863 3042 25910.

397 3070 411 3089 ³
438 3068 732 3109 Porphyrius,
762 3069 925 3109 Jsayoye
952 3069 1007 3102 ed.
1037 3069 1069 3102 S.
1099 3069 1265 3102 Brandt
1294 3070 1315 3102 Ι.
1345 3078 1383 3104 r..
1413 3078 1445 3109 p.
1475 3068 1581 3101 3:30¹.

399 3128 410 3149 ⁴
439 3128 587 3161 Boetli.
617 3128 638 3161 I.
667 3138 704 3164 r..
735 3138 766 3169 p.
797 3129 862 3161 272
893 3129 932 3161 Α,

1687 3176 1752 3207 15·
