<?xml version="1.0" encoding="UTF-8"?>
<!DOCTYPE html PUBLIC "-//W3C//DTD XHTML 1.0 Transitional//EN"
    "http://www.w3.org/TR/xhtml1/DTD/xhtml1-transitional.dtd">
<html xmlns="http://www.w3.org/1999/xhtml" xml:lang="en" lang="en">
 <head>
  <title>
</title>
<meta http-equiv="Content-Type" content="text/html;charset=utf-8" />
  <meta name='ocr-system' content='tesseract 3.04.00' />
  <meta name='ocr-capabilities' content='ocr_page ocr_carea ocr_par ocr_line ocrx_word'/>
</head>
<body>
  <div class='ocr_page' id='page_1' title='image "./philosophischesc01abeluoft_0042.png"; bbox 0 0 2200 3387; ppageno 0'>
   <div class='ocr_carea' id='block_1_1' title="bbox 301 216 1551 258">
    <p class='ocr_par' dir='ltr' id='par_1_1' title="bbox 301 216 1551 258">
     <span class='ocr_line' id='line_1_1' title="bbox 301 216 1551 258; baseline -0.001 -8"><span class='ocrx_word' id='word_1_1' title='bbox 301 216 345 250; x_wconf 68' lang='lat'>215</span> <span class='ocrx_word' id='word_1_2' title='bbox 703 218 808 250; x_wconf 76' lang='lat' dir='ltr'>l‘ctci·</span> <span class='ocrx_word' id='word_1_3' title='bbox 834 218 1037 250; x_wconf 69' lang='lat' dir='ltr'>Abaclards</span> <span class='ocrx_word' id='word_1_4' title='bbox 1066 217 1199 258; x_wconf 80' lang='lat' dir='ltr'>Logica</span> <span class='ocrx_word' id='word_1_5' title='bbox 1228 216 1551 258; x_wconf 76' lang='lat' dir='ltr'>,ingl-cdieiitibus‘.</span> 
     </span>
    </p>
   </div>
   <div class='ocr_carea' id='block_1_2' title="bbox 282 313 1966 1924">
    <p class='ocr_par' dir='ltr' id='par_1_2' title="bbox 302 313 1961 488">
     <span class='ocr_line' id='line_1_2' title="bbox 302 313 1961 359; baseline -0.001 -9"><span class='ocrx_word' id='word_1_6' title='bbox 302 315 422 350; x_wconf 86' lang='lat' dir='ltr'>modo</span> <span class='ocrx_word' id='word_1_7' title='bbox 451 316 666 359; x_wconf 79' lang='lat' dir='ltr'>argentum</span> <span class='ocrx_word' id='word_1_8' title='bbox 696 324 771 359; x_wconf 84' lang='lat' dir='ltr'>pei·</span> <span class='ocrx_word' id='word_1_9' title='bbox 797 324 855 351; x_wconf 89' lang='lat' dir='ltr'>se.</span> <span class='ocrx_word' id='word_1_10' title='bbox 884 314 1103 350; x_wconf 89' lang='lat' dir='ltr'>coniuncta</span> <span class='ocrx_word' id='word_1_11' title='bbox 1132 323 1309 349; x_wconf 83' lang='lat' dir='ltr'>cernens</span> <span class='ocrx_word' id='word_1_12' title='bbox 1331 313 1504 350; x_wconf 85' lang='lat' dir='ltr'>divisim.</span> <span class='ocrx_word' id='word_1_13' title='bbox 1534 323 1615 348; x_wconf 88' lang='lat' dir='ltr'>non</span> <span class='ocrx_word' id='word_1_14' title='bbox 1638 313 1781 349; x_wconf 89' lang='lat' dir='ltr'>divisa.</span> <span class='ocrx_word' id='word_1_15' title='bbox 1810 313 1961 358; x_wconf 83' lang='lat' dir='ltr'>quippe</span> 
     </span>
     <span class='ocr_line' id='line_1_3' title="bbox 302 377 1960 423; baseline 0.001 -9"><span class='ocrx_word' id='word_1_16' title='bbox 302 379 432 414; x_wconf 72' lang='lat' dir='ltr'>divisa</span> <span class='ocrx_word' id='word_1_17' title='bbox 463 388 543 413; x_wconf 85' lang='lat' dir='ltr'>non</span> <span class='ocrx_word' id='word_1_18' title='bbox 573 381 677 414; x_wconf 89' lang='lat' dir='ltr'>sunt.</span> <span class='ocrx_word' id='word_1_19' title='bbox 730 379 795 415; x_wconf 85' lang='lat' dir='ltr'>Sic</span> <span class='ocrx_word' id='word_1_20' title='bbox 824 381 864 414; x_wconf 81' lang='lat' dir='ltr'>et</span> <span class='ocrx_word' id='word_1_21' title='bbox 893 379 1126 414; x_wconf 84' lang='lat' dir='ltr'>intellectus</span> <span class='ocrx_word' id='word_1_22' title='bbox 1150 387 1223 423; x_wconf 85' lang='lat' dir='ltr'>per</span> <span class='ocrx_word' id='word_1_23' title='bbox 1244 378 1564 413; x_wconf 80' lang='lat' dir='ltr'>abstractionem</span> <span class='ocrx_word' id='word_1_24' title='bbox 1588 377 1750 413; x_wconf 83' lang='lat' dir='ltr'>divisim</span> <span class='ocrx_word' id='word_1_25' title='bbox 1778 377 1960 415; x_wconf 83' lang='lat' dir='ltr'>attendit.</span> 
     </span>
     <span class='ocr_line' id='line_1_4' title="bbox 303 443 1094 488; baseline 0 -9"><span class='ocrx_word' id='word_1_26' title='bbox 303 453 382 479; x_wconf 90' lang='lat' dir='ltr'>non</span> <span class='ocrx_word' id='word_1_27' title='bbox 413 443 556 479; x_wconf 76' lang='lat' dir='ltr'>divisa.</span> <span class='ocrx_word' id='word_1_28' title='bbox 586 443 765 488; x_wconf 85' lang='lat' dir='ltr'>alioquin</span> <span class='ocrx_word' id='word_1_29' title='bbox 795 453 942 479; x_wconf 84' lang='lat' dir='ltr'>cassus</span> <span class='ocrx_word' id='word_1_30' title='bbox 971 445 1094 479; x_wconf 86' lang='lat' dir='ltr'>esset.</span> 
     </span>
    </p>

    <p class='ocr_par' dir='ltr' id='par_1_3' title="bbox 301 505 1964 1270">
     <span class='ocr_line' id='line_1_5' title="bbox 443 505 1960 550; baseline -0.001 -8"><span class='ocrx_word' id='word_1_31' title='bbox 443 507 589 543; x_wconf 88' lang='lat' dir='ltr'>Posset</span> <span class='ocrx_word' id='word_1_32' title='bbox 616 509 754 542; x_wconf 84' lang='lat' dir='ltr'>tamen</span> <span class='ocrx_word' id='word_1_33' title='bbox 782 507 962 543; x_wconf 81' lang='lat' dir='ltr'>fortasse</span> <span class='ocrx_word' id='word_1_34' title='bbox 1000 509 1040 542; x_wconf 86' lang='lat' dir='ltr'>ct</span> <span class='ocrx_word' id='word_1_35' title='bbox 1076 516 1203 542; x_wconf 85' lang='lat' dir='ltr'>sanus</span> <span class='ocrx_word' id='word_1_36' title='bbox 1245 516 1340 542; x_wconf 85' lang='lat' dir='ltr'>esse</span> <span class='ocrx_word' id='word_1_37' title='bbox 1378 506 1620 542; x_wconf 87' lang='lat' dir='ltr'>intellectus.</span> <span class='ocrx_word' id='word_1_38' title='bbox 1660 505 1728 550; x_wconf 89' lang='lat' dir='ltr'>qui</span> <span class='ocrx_word' id='word_1_39' title='bbox 1767 515 1818 541; x_wconf 88' lang='lat' dir='ltr'>ea</span> <span class='ocrx_word' id='word_1_40' title='bbox 1853 514 1960 549; x_wconf 87' lang='lat' dir='ltr'>quae</span> 
     </span>
     <span class='ocr_line' id='line_1_6' title="bbox 301 569 1963 612; baseline -0.001 -5"><span class='ocrx_word' id='word_1_41' title='bbox 301 572 520 607; x_wconf 86' lang='lat' dir='ltr'>coniuncta</span> <span class='ocrx_word' id='word_1_42' title='bbox 549 574 653 608; x_wconf 91' lang='lat' dir='ltr'>sunt.</span> <span class='ocrx_word' id='word_1_43' title='bbox 683 581 763 607; x_wconf 92' lang='lat' dir='ltr'>uno</span> <span class='ocrx_word' id='word_1_44' title='bbox 792 572 913 607; x_wconf 90' lang='lat' dir='ltr'>modo</span> <span class='ocrx_word' id='word_1_45' title='bbox 943 571 1178 607; x_wconf 77' lang='lat' dir='ltr'>considerat</span> <span class='ocrx_word' id='word_1_46' title='bbox 1208 571 1352 607; x_wconf 80' lang='lat' dir='ltr'>divisa.</span> <span class='ocrx_word' id='word_1_47' title='bbox 1381 571 1461 606; x_wconf 87' lang='lat' dir='ltr'>alio</span> <span class='ocrx_word' id='word_1_48' title='bbox 1490 571 1611 606; x_wconf 92' lang='lat' dir='ltr'>modo</span> <span class='ocrx_word' id='word_1_49' title='bbox 1633 569 1901 612; x_wconf 86' lang='lat' dir='ltr'>&lt;coniuncta&gt;</span> <span class='ocrx_word' id='word_1_50' title='bbox 1922 571 1963 605; x_wconf 89' lang='lat' dir='ltr'>et</span> 
     </span>
     <span class='ocr_line' id='line_1_7' title="bbox 302 634 1964 681; baseline -0.001 -10"><span class='ocrx_word' id='word_1_51' title='bbox 302 646 323 671; x_wconf 90' lang='lat' dir='ltr'>c</span> <span class='ocrx_word' id='word_1_52' title='bbox 358 646 574 672; x_wconf 84' lang='lat' dir='ltr'>converso.</span> <span class='ocrx_word' id='word_1_53' title='bbox 634 636 781 672; x_wconf 81' lang='lat' dir='ltr'>Rerum</span> <span class='ocrx_word' id='word_1_54' title='bbox 822 646 1000 681; x_wconf 89' lang='lat' dir='ltr'>namque</span> <span class='ocrx_word' id='word_1_55' title='bbox 1035 638 1115 671; x_wconf 90' lang='lat' dir='ltr'>tam</span> <span class='ocrx_word' id='word_1_56' title='bbox 1145 635 1378 671; x_wconf 88' lang='lat' dir='ltr'>coniunctio</span> <span class='ocrx_word' id='word_1_57' title='bbox 1408 644 1529 679; x_wconf 89' lang='lat' dir='ltr'>quam</span> <span class='ocrx_word' id='word_1_58' title='bbox 1564 634 1711 671; x_wconf 89' lang='lat' dir='ltr'>divisio</span> <span class='ocrx_word' id='word_1_59' title='bbox 1749 634 1964 679; x_wconf 81' lang='lat' dir='ltr'>dupliciter</span> 
     </span>
     <span class='ocr_line' id='line_1_8' title="bbox 301 699 1962 746; baseline -0.001 -10"><span class='ocrx_word' id='word_1_60' title='bbox 301 701 431 746; x_wconf 81' lang='lat' dir='ltr'>accipi</span> <span class='ocrx_word' id='word_1_61' title='bbox 459 703 606 746; x_wconf 90' lang='lat' dir='ltr'>potest.</span> <span class='ocrx_word' id='word_1_62' title='bbox 659 701 758 736; x_wconf 84' lang='lat' dir='ltr'>Nam</span> <span class='ocrx_word' id='word_1_63' title='bbox 789 701 993 745; x_wconf 79' lang='lat' dir='ltr'>quaedam</span> <span class='ocrx_word' id='word_1_64' title='bbox 1022 701 1242 736; x_wconf 90' lang='lat' dir='ltr'>coniuncta</span> <span class='ocrx_word' id='word_1_65' title='bbox 1268 700 1345 736; x_wconf 92' lang='lat' dir='ltr'>sibi</span> <span class='ocrx_word' id='word_1_66' title='bbox 1369 700 1541 735; x_wconf 85' lang='lat' dir='ltr'>dicimus</span> <span class='ocrx_word' id='word_1_67' title='bbox 1564 709 1637 744; x_wconf 86' lang='lat' dir='ltr'>per</span> <span class='ocrx_word' id='word_1_68' title='bbox 1658 699 1962 735; x_wconf 90' lang='lat' dir='ltr'>similitudinem</span> 
     </span>
     <span class='ocr_line' id='line_1_9' title="bbox 301 763 1962 810; baseline 0 -9"><span class='ocrx_word' id='word_1_69' title='bbox 301 766 491 810; x_wconf 85' lang='lat' dir='ltr'>aliquam.</span> <span class='ocrx_word' id='word_1_70' title='bbox 521 768 563 801; x_wconf 89' lang='lat' dir='ltr'>ut</span> <span class='ocrx_word' id='word_1_71' title='bbox 583 766 658 801; x_wconf 86' lang='lat' dir='ltr'>lios</span> <span class='ocrx_word' id='word_1_72' title='bbox 680 766 782 801; x_wconf 89' lang='lat' dir='ltr'>duos</span> <span class='ocrx_word' id='word_1_73' title='bbox 805 766 993 801; x_wconf 89' lang='lat' dir='ltr'>homines</span> <span class='ocrx_word' id='word_1_74' title='bbox 1016 765 1056 801; x_wconf 92' lang='lat' dir='ltr'>in</span> <span class='ocrx_word' id='word_1_75' title='bbox 1078 775 1128 801; x_wconf 90' lang='lat' dir='ltr'>eo</span> <span class='ocrx_word' id='word_1_76' title='bbox 1151 765 1260 810; x_wconf 89' lang='lat' dir='ltr'>quod</span> <span class='ocrx_word' id='word_1_77' title='bbox 1281 765 1469 800; x_wconf 84' lang='lat' dir='ltr'>homines</span> <span class='ocrx_word' id='word_1_78' title='bbox 1491 766 1584 800; x_wconf 92' lang='lat' dir='ltr'>sunt</span> <span class='ocrx_word' id='word_1_79' title='bbox 1606 765 1671 800; x_wconf 81' lang='lat' dir='ltr'>vel</span> <span class='ocrx_word' id='word_1_80' title='bbox 1692 763 1962 810; x_wconf 82' lang='lat' dir='ltr'>grammatici.</span> 
     </span>
     <span class='ocr_line' id='line_1_10' title="bbox 302 828 1964 876; baseline -0.001 -10"><span class='ocrx_word' id='word_1_81' title='bbox 302 831 506 876; x_wconf 82' lang='lat' dir='ltr'>quaedam</span> <span class='ocrx_word' id='word_1_82' title='bbox 534 839 633 866; x_wconf 79' lang='lat' dir='ltr'>vero</span> <span class='ocrx_word' id='word_1_83' title='bbox 663 840 737 875; x_wconf 89' lang='lat' dir='ltr'>per</span> <span class='ocrx_word' id='word_1_84' title='bbox 764 830 1067 875; x_wconf 86' lang='lat' dir='ltr'>appositionem</span> <span class='ocrx_word' id='word_1_85' title='bbox 1091 832 1131 865; x_wconf 90' lang='lat' dir='ltr'>et</span> <span class='ocrx_word' id='word_1_86' title='bbox 1152 830 1491 875; x_wconf 80' lang='lat' dir='ltr'>aggregationem</span> <span class='ocrx_word' id='word_1_87' title='bbox 1523 829 1741 874; x_wconf 77' lang='lat' dir='ltr'>quandam,</span> <span class='ocrx_word' id='word_1_88' title='bbox 1769 830 1812 864; x_wconf 91' lang='lat' dir='ltr'>ut</span> <span class='ocrx_word' id='word_1_89' title='bbox 1831 828 1964 864; x_wconf 80' lang='lat' dir='ltr'>forma</span> 
     </span>
     <span class='ocr_line' id='line_1_11' title="bbox 302 893 1962 939; baseline -0.001 -8"><span class='ocrx_word' id='word_1_90' title='bbox 302 898 341 931; x_wconf 84' lang='lat' dir='ltr'>ct</span> <span class='ocrx_word' id='word_1_91' title='bbox 370 895 544 931; x_wconf 87' lang='lat' dir='ltr'>materia</span> <span class='ocrx_word' id='word_1_92' title='bbox 571 895 636 931; x_wconf 78' lang='lat' dir='ltr'>vel</span> <span class='ocrx_word' id='word_1_93' title='bbox 665 895 802 930; x_wconf 78' lang='lat' dir='ltr'>vinum</span> <span class='ocrx_word' id='word_1_94' title='bbox 833 897 872 931; x_wconf 90' lang='lat' dir='ltr'>et</span> <span class='ocrx_word' id='word_1_95' title='bbox 899 904 1018 939; x_wconf 89' lang='lat' dir='ltr'>aqua.</span> <span class='ocrx_word' id='word_1_96' title='bbox 1071 894 1186 934; x_wconf 88' lang='lat' dir='ltr'>Quae</span> <span class='ocrx_word' id='word_1_97' title='bbox 1215 895 1271 930; x_wconf 93' lang='lat' dir='ltr'>ita</span> <span class='ocrx_word' id='word_1_98' title='bbox 1298 894 1374 929; x_wconf 89' lang='lat' dir='ltr'>sibi</span> <span class='ocrx_word' id='word_1_99' title='bbox 1396 894 1590 930; x_wconf 89' lang='lat' dir='ltr'>adiuncta</span> <span class='ocrx_word' id='word_1_100' title='bbox 1612 895 1717 934; x_wconf 86' lang='lat' dir='ltr'>sunt,</span> <span class='ocrx_word' id='word_1_101' title='bbox 1739 893 1819 929; x_wconf 91' lang='lat' dir='ltr'>alio</span> <span class='ocrx_word' id='word_1_102' title='bbox 1841 893 1962 929; x_wconf 90' lang='lat' dir='ltr'>modo</span> 
     </span>
     <span class='ocr_line' id='line_1_12' title="bbox 302 957 1963 1003; baseline -0.001 -8"><span class='ocrx_word' id='word_1_103' title='bbox 302 960 445 996; x_wconf 79' lang='lat' dir='ltr'>divisa.</span> <span class='ocrx_word' id='word_1_104' title='bbox 493 959 573 995; x_wconf 88' lang='lat' dir='ltr'>alio</span> <span class='ocrx_word' id='word_1_105' title='bbox 620 960 741 995; x_wconf 92' lang='lat' dir='ltr'>modo</span> <span class='ocrx_word' id='word_1_106' title='bbox 782 959 1050 1001; x_wconf 75' lang='lat' dir='ltr'>&lt;coniuncta&gt;</span> <span class='ocrx_word' id='word_1_107' title='bbox 1092 959 1281 1003; x_wconf 91' lang='lat' dir='ltr'>concipit.</span> <span class='ocrx_word' id='word_1_108' title='bbox 1349 958 1466 994; x_wconf 82' lang='lat' dir='ltr'>Unde</span> <span class='ocrx_word' id='word_1_109' title='bbox 1513 958 1777 994; x_wconf 89' lang='lat' dir='ltr'>Boethius¹</span> <span class='ocrx_word' id='word_1_110' title='bbox 1825 957 1963 994; x_wconf 88' lang='lat' dir='ltr'>animo</span> 
     </span>
     <span class='ocr_line' id='line_1_13' title="bbox 302 1023 1963 1070; baseline -0.001 -10"><span class='ocrx_word' id='word_1_111' title='bbox 302 1026 550 1070; x_wconf 86' lang='lat' dir='ltr'>potestatem</span> <span class='ocrx_word' id='word_1_112' title='bbox 572 1025 679 1060; x_wconf 87' lang='lat' dir='ltr'>hanc</span> <span class='ocrx_word' id='word_1_113' title='bbox 700 1024 908 1060; x_wconf 85' lang='lat' dir='ltr'>adscribit.</span> <span class='ocrx_word' id='word_1_114' title='bbox 930 1026 973 1059; x_wconf 94' lang='lat' dir='ltr'>ut</span> <span class='ocrx_word' id='word_1_115' title='bbox 994 1024 1154 1059; x_wconf 87' lang='lat' dir='ltr'>ratione</span> <span class='ocrx_word' id='word_1_116' title='bbox 1177 1033 1253 1059; x_wconf 86' lang='lat' dir='ltr'>sua</span> <span class='ocrx_word' id='word_1_117' title='bbox 1274 1023 1405 1068; x_wconf 89' lang='lat' dir='ltr'>possit</span> <span class='ocrx_word' id='word_1_118' title='bbox 1427 1024 1467 1059; x_wconf 93' lang='lat' dir='ltr'>et</span> <span class='ocrx_word' id='word_1_119' title='bbox 1489 1023 1691 1059; x_wconf 87' lang='lat' dir='ltr'>disiuncta</span> <span class='ocrx_word' id='word_1_120' title='bbox 1713 1032 1963 1068; x_wconf 91' lang='lat' dir='ltr'>componere</span> 
     </span>
     <span class='ocr_line' id='line_1_14' title="bbox 302 1086 1964 1133; baseline -0.001 -9"><span class='ocrx_word' id='word_1_121' title='bbox 302 1091 341 1124; x_wconf 90' lang='lat' dir='ltr'>ct</span> <span class='ocrx_word' id='word_1_122' title='bbox 369 1088 598 1133; x_wconf 89' lang='lat' dir='ltr'>composita</span> <span class='ocrx_word' id='word_1_123' title='bbox 626 1088 848 1123; x_wconf 80' lang='lat' dir='ltr'>resolvere.</span> <span class='ocrx_word' id='word_1_124' title='bbox 890 1088 930 1123; x_wconf 93' lang='lat' dir='ltr'>in</span> <span class='ocrx_word' id='word_1_125' title='bbox 958 1089 1104 1123; x_wconf 90' lang='lat' dir='ltr'>neutro</span> <span class='ocrx_word' id='word_1_126' title='bbox 1139 1089 1277 1122; x_wconf 88' lang='lat' dir='ltr'>tamen</span> <span class='ocrx_word' id='word_1_127' title='bbox 1312 1087 1371 1122; x_wconf 91' lang='lat' dir='ltr'>rei</span> <span class='ocrx_word' id='word_1_128' title='bbox 1412 1088 1601 1122; x_wconf 87' lang='lat' dir='ltr'>naturam</span> <span class='ocrx_word' id='word_1_129' title='bbox 1629 1086 1851 1123; x_wconf 80' lang='lat' dir='ltr'>excedens.</span> <span class='ocrx_word' id='word_1_130' title='bbox 1890 1086 1964 1122; x_wconf 87' lang='lat' dir='ltr'>sed</span> 
     </span>
     <span class='ocr_line' id='line_1_15' title="bbox 302 1151 1963 1197; baseline 0 -9"><span class='ocrx_word' id='word_1_131' title='bbox 302 1153 432 1188; x_wconf 88' lang='lat' dir='ltr'>solum</span> <span class='ocrx_word' id='word_1_132' title='bbox 460 1152 500 1188; x_wconf 91' lang='lat' dir='ltr'>id</span> <span class='ocrx_word' id='word_1_133' title='bbox 521 1153 629 1197; x_wconf 90' lang='lat' dir='ltr'>quod</span> <span class='ocrx_word' id='word_1_134' title='bbox 655 1153 695 1187; x_wconf 91' lang='lat' dir='ltr'>in</span> <span class='ocrx_word' id='word_1_135' title='bbox 724 1152 783 1188; x_wconf 91' lang='lat' dir='ltr'>rei</span> <span class='ocrx_word' id='word_1_136' title='bbox 810 1154 959 1188; x_wconf 90' lang='lat' dir='ltr'>natura</span> <span class='ocrx_word' id='word_1_137' title='bbox 987 1153 1060 1192; x_wconf 75' lang='lat' dir='ltr'>est,</span> <span class='ocrx_word' id='word_1_138' title='bbox 1088 1151 1335 1196; x_wconf 89' lang='lat' dir='ltr'>percipiens.</span> <span class='ocrx_word' id='word_1_139' title='bbox 1387 1151 1579 1196; x_wconf 85' lang='lat' dir='ltr'>Alioquin</span> <span class='ocrx_word' id='word_1_140' title='bbox 1607 1161 1689 1187; x_wconf 92' lang='lat' dir='ltr'>non</span> <span class='ocrx_word' id='word_1_141' title='bbox 1712 1152 1825 1187; x_wconf 88' lang='lat' dir='ltr'>esset</span> <span class='ocrx_word' id='word_1_142' title='bbox 1846 1151 1963 1190; x_wconf 81' lang='lat' dir='ltr'>ratio.</span> 
     </span>
     <span class='ocr_line' id='line_1_16' title="bbox 302 1202 1604 1270; baseline -0.002 -17"><span class='ocrx_word' id='word_1_143' title='bbox 302 1217 375 1253; x_wconf 82' lang='lat' dir='ltr'>sed</span> <span class='ocrx_word' id='word_1_144' title='bbox 404 1217 553 1262; x_wconf 86' lang='lat' dir='ltr'>opinio.</span> <span class='ocrx_word' id='word_1_145' title='bbox 583 1217 740 1253; x_wconf 79' lang='lat' dir='ltr'>scilieet</span> <span class='ocrx_word' id='word_1_146' title='bbox 767 1217 800 1252; x_wconf 88' lang='lat' dir='ltr'>si</span> <span class='ocrx_word' id='word_1_147' title='bbox 830 1202 1078 1270; x_wconf 52' lang='lat' dir='ltr'>affe-tatfflrei</span> <span class='ocrx_word' id='word_1_148' title='bbox 1106 1216 1379 1261; x_wconf 75' lang='lat' dir='ltr'>intelligentia</span> <span class='ocrx_word' id='word_1_149' title='bbox 1407 1216 1604 1252; x_wconf 79' lang='lat' dir='ltr'>deviaret.</span> 
     </span>
    </p>

    <p class='ocr_par' dir='ltr' id='par_1_4' title="bbox 282 1279 1966 1924">
     <span class='ocr_line' id='line_1_17' title="bbox 445 1279 1965 1326; baseline -0.002 -8"><span class='ocrx_word' id='word_1_150' title='bbox 445 1281 524 1317; x_wconf 83' lang='lat' dir='ltr'>Sed</span> <span class='ocrx_word' id='word_1_151' title='bbox 564 1282 629 1317; x_wconf 89' lang='lat' dir='ltr'>hic</span> <span class='ocrx_word' id='word_1_152' title='bbox 669 1281 903 1326; x_wconf 89' lang='lat' dir='ltr'>quaestio</span> <span class='ocrx_word' id='word_1_153' title='bbox 943 1281 1121 1316; x_wconf 87' lang='lat' dir='ltr'>occurrit</span> <span class='ocrx_word' id='word_1_154' title='bbox 1155 1281 1205 1316; x_wconf 93' lang='lat' dir='ltr'>de</span> <span class='ocrx_word' id='word_1_155' title='bbox 1239 1280 1558 1325; x_wconf 90' lang='lat' dir='ltr'>providentia</span> <span class='ocrx_word' id='word_1_156' title='bbox 1597 1279 1778 1320; x_wconf 77' lang='lat' dir='ltr'>artificis,</span> <span class='ocrx_word' id='word_1_157' title='bbox 1832 1281 1965 1316; x_wconf 89' lang='lat' dir='ltr'>utrum</span> 
     </span>
     <span class='ocr_line' id='line_1_18' title="bbox 301 1344 1965 1391; baseline -0.001 -9"><span class='ocrx_word' id='word_1_158' title='bbox 301 1356 422 1382; x_wconf 88' lang='lat' dir='ltr'>cassa</span> <span class='ocrx_word' id='word_1_159' title='bbox 450 1347 511 1383; x_wconf 90' lang='lat' dir='ltr'>sit.</span> <span class='ocrx_word' id='word_1_160' title='bbox 541 1347 634 1382; x_wconf 90' lang='lat' dir='ltr'>dum</span> <span class='ocrx_word' id='word_1_161' title='bbox 662 1347 785 1382; x_wconf 80' lang='lat' dir='ltr'>futuri</span> <span class='ocrx_word' id='word_1_162' title='bbox 813 1346 952 1391; x_wconf 91' lang='lat' dir='ltr'>operis</span> <span class='ocrx_word' id='word_1_163' title='bbox 974 1346 1056 1381; x_wconf 89' lang='lat' dir='ltr'>iam</span> <span class='ocrx_word' id='word_1_164' title='bbox 1082 1345 1255 1381; x_wconf 79' lang='lat' dir='ltr'>formam</span> <span class='ocrx_word' id='word_1_165' title='bbox 1284 1345 1422 1381; x_wconf 90' lang='lat' dir='ltr'>animo</span> <span class='ocrx_word' id='word_1_166' title='bbox 1444 1347 1569 1386; x_wconf 84' lang='lat' dir='ltr'>tenet,</span> <span class='ocrx_word' id='word_1_167' title='bbox 1597 1354 1687 1381; x_wconf 88' lang='lat' dir='ltr'>cum</span> <span class='ocrx_word' id='word_1_168' title='bbox 1708 1345 1890 1381; x_wconf 91' lang='lat' dir='ltr'>nondum</span> <span class='ocrx_word' id='word_1_169' title='bbox 1906 1344 1965 1381; x_wconf 87' lang='lat' dir='ltr'>sic</span> 
     </span>
     <span class='ocr_line' id='line_1_19' title="bbox 301 1409 1964 1455; baseline -0.001 -8"><span class='ocrx_word' id='word_1_170' title='bbox 301 1422 345 1447; x_wconf 86' lang='lat' dir='ltr'>se</span> <span class='ocrx_word' id='word_1_171' title='bbox 375 1421 442 1447; x_wconf 87' lang='lat' dir='ltr'>res</span> <span class='ocrx_word' id='word_1_172' title='bbox 478 1411 613 1447; x_wconf 85' lang='lat' dir='ltr'>habet.</span> <span class='ocrx_word' id='word_1_173' title='bbox 667 1411 785 1451; x_wconf 92' lang='lat' dir='ltr'>Quod</span> <span class='ocrx_word' id='word_1_174' title='bbox 822 1411 855 1447; x_wconf 93' lang='lat' dir='ltr'>si</span> <span class='ocrx_word' id='word_1_175' title='bbox 895 1411 1186 1449; x_wconf 83' lang='lat' dir='ltr'>concedamus,</span> <span class='ocrx_word' id='word_1_176' title='bbox 1228 1410 1351 1446; x_wconf 90' lang='lat' dir='ltr'>etiam</span> <span class='ocrx_word' id='word_1_177' title='bbox 1391 1411 1500 1446; x_wconf 88' lang='lat' dir='ltr'>illam</span> <span class='ocrx_word' id='word_1_178' title='bbox 1535 1410 1611 1446; x_wconf 91' lang='lat' dir='ltr'>Dei</span> <span class='ocrx_word' id='word_1_179' title='bbox 1649 1409 1964 1455; x_wconf 81' lang='lat' dir='ltr'>providentiam,</span> 
     </span>
     <span class='ocr_line' id='line_1_20' title="bbox 302 1473 1964 1520; baseline -0.001 -10"><span class='ocrx_word' id='word_1_180' title='bbox 302 1485 425 1520; x_wconf 89' lang='lat' dir='ltr'>quam</span> <span class='ocrx_word' id='word_1_181' title='bbox 464 1476 561 1510; x_wconf 91' lang='lat' dir='ltr'>ante</span> <span class='ocrx_word' id='word_1_182' title='bbox 601 1483 773 1519; x_wconf 92' lang='lat' dir='ltr'>operum</span> <span class='ocrx_word' id='word_1_183' title='bbox 807 1484 979 1510; x_wconf 86' lang='lat' dir='ltr'>suorum</span> <span class='ocrx_word' id='word_1_184' title='bbox 1017 1474 1355 1510; x_wconf 89' lang='lat' dir='ltr'>constitutionem</span> <span class='ocrx_word' id='word_1_185' title='bbox 1405 1474 1557 1510; x_wconf 86' lang='lat' dir='ltr'>habuit.</span> <span class='ocrx_word' id='word_1_186' title='bbox 1609 1483 1775 1510; x_wconf 88' lang='lat' dir='ltr'>cassam</span> <span class='ocrx_word' id='word_1_187' title='bbox 1826 1473 1964 1510; x_wconf 87' lang='lat' dir='ltr'>dicere</span> 
     </span>
     <span class='ocr_line' id='line_1_21' title="bbox 302 1537 1965 1584; baseline -0.001 -10"><span class='ocrx_word' id='word_1_188' title='bbox 302 1539 594 1584; x_wconf 84' lang='lat' dir='ltr'>compellimur.</span> <span class='ocrx_word' id='word_1_189' title='bbox 648 1538 728 1574; x_wconf 84' lang='lat' dir='ltr'>Sed</span> <span class='ocrx_word' id='word_1_190' title='bbox 757 1538 791 1573; x_wconf 92' lang='lat' dir='ltr'>si</span> <span class='ocrx_word' id='word_1_191' title='bbox 819 1538 909 1583; x_wconf 88' lang='lat' dir='ltr'>quis</span> <span class='ocrx_word' id='word_1_192' title='bbox 936 1538 1014 1574; x_wconf 86' lang='lat' dir='ltr'>hoc</span> <span class='ocrx_word' id='word_1_193' title='bbox 1043 1540 1239 1582; x_wconf 89' lang='lat' dir='ltr'>quantum</span> <span class='ocrx_word' id='word_1_194' title='bbox 1268 1538 1319 1573; x_wconf 88' lang='lat' dir='ltr'>ad</span> <span class='ocrx_word' id='word_1_195' title='bbox 1347 1538 1540 1573; x_wconf 75' lang='lat' dir='ltr'>effectum</span> <span class='ocrx_word' id='word_1_196' title='bbox 1576 1537 1695 1574; x_wconf 89' lang='lat' dir='ltr'>dicat.</span> <span class='ocrx_word' id='word_1_197' title='bbox 1732 1538 1775 1573; x_wconf 93' lang='lat' dir='ltr'>ut</span> <span class='ocrx_word' id='word_1_198' title='bbox 1808 1537 1965 1573; x_wconf 87' lang='lat' dir='ltr'>scilicet</span> 
     </span>
     <span class='ocr_line' id='line_1_22' title="bbox 303 1602 1966 1649; baseline -0.001 -10"><span class='ocrx_word' id='word_1_199' title='bbox 303 1613 429 1649; x_wconf 87' lang='lat' dir='ltr'>opere</span> <span class='ocrx_word' id='word_1_200' title='bbox 458 1613 540 1639; x_wconf 94' lang='lat' dir='ltr'>non</span> <span class='ocrx_word' id='word_1_201' title='bbox 568 1604 804 1648; x_wconf 86' lang='lat' dir='ltr'>compleret.</span> <span class='ocrx_word' id='word_1_202' title='bbox 833 1603 941 1647; x_wconf 92' lang='lat' dir='ltr'>quod</span> <span class='ocrx_word' id='word_1_203' title='bbox 969 1603 1198 1648; x_wconf 83' lang='lat' dir='ltr'>provideat.</span> <span class='ocrx_word' id='word_1_204' title='bbox 1226 1603 1372 1638; x_wconf 78' lang='lat' dir='ltr'>falsum</span> <span class='ocrx_word' id='word_1_205' title='bbox 1401 1604 1465 1639; x_wconf 90' lang='lat' dir='ltr'>est</span> <span class='ocrx_word' id='word_1_206' title='bbox 1492 1612 1656 1638; x_wconf 87' lang='lat' dir='ltr'>cassam</span> <span class='ocrx_word' id='word_1_207' title='bbox 1681 1602 1810 1638; x_wconf 76' lang='lat' dir='ltr'>fuisse</span> <span class='ocrx_word' id='word_1_208' title='bbox 1832 1602 1966 1647; x_wconf 90' lang='lat' dir='ltr'>provi-</span> 
     </span>
     <span class='ocr_line' id='line_1_23' title="bbox 303 1667 1966 1712; baseline -0.001 -8"><span class='ocrx_word' id='word_1_209' title='bbox 303 1669 495 1704; x_wconf 91' lang='lat' dir='ltr'>dentiam.</span> <span class='ocrx_word' id='word_1_210' title='bbox 549 1668 589 1704; x_wconf 86' lang='lat' dir='ltr'>Si</span> <span class='ocrx_word' id='word_1_211' title='bbox 619 1668 708 1712; x_wconf 91' lang='lat' dir='ltr'>quis</span> <span class='ocrx_word' id='word_1_212' title='bbox 737 1670 873 1703; x_wconf 90' lang='lat' dir='ltr'>autem</span> <span class='ocrx_word' id='word_1_213' title='bbox 903 1667 998 1703; x_wconf 92' lang='lat' dir='ltr'>inde</span> <span class='ocrx_word' id='word_1_214' title='bbox 1027 1677 1118 1703; x_wconf 90' lang='lat' dir='ltr'>eam</span> <span class='ocrx_word' id='word_1_215' title='bbox 1147 1677 1308 1703; x_wconf 91' lang='lat' dir='ltr'>cassam</span> <span class='ocrx_word' id='word_1_216' title='bbox 1346 1667 1465 1703; x_wconf 88' lang='lat' dir='ltr'>dicat.</span> <span class='ocrx_word' id='word_1_217' title='bbox 1503 1667 1611 1712; x_wconf 90' lang='lat' dir='ltr'>quod</span> <span class='ocrx_word' id='word_1_218' title='bbox 1650 1667 1834 1702; x_wconf 91' lang='lat' dir='ltr'>nondum</span> <span class='ocrx_word' id='word_1_219' title='bbox 1873 1676 1966 1702; x_wconf 88' lang='lat' dir='ltr'>cum</span> 
     </span>
     <span class='ocr_line' id='line_1_24' title="bbox 282 1713 1965 1778; baseline -0.001 -9"><span class='ocrx_word' id='word_1_220' title='bbox 282 1713 422 1778; x_wconf 54' lang='lat' dir='ltr'>&amp;Q</span> <span class='ocrx_word' id='word_1_221' title='bbox 440 1733 501 1769; x_wconf 90' lang='lat' dir='ltr'>rei</span> <span class='ocrx_word' id='word_1_222' title='bbox 527 1734 664 1769; x_wconf 84' lang='lat' dir='ltr'>futuro</span> <span class='ocrx_word' id='word_1_223' title='bbox 693 1733 977 1769; x_wconf 89' lang='lat' dir='ltr'>concordaret.</span> <span class='ocrx_word' id='word_1_224' title='bbox 1005 1733 1136 1768; x_wconf 85' lang='lat' dir='ltr'>verba</span> <span class='ocrx_word' id='word_1_225' title='bbox 1163 1732 1326 1777; x_wconf 88' lang='lat' dir='ltr'>quidem</span> <span class='ocrx_word' id='word_1_226' title='bbox 1354 1732 1537 1777; x_wconf 90' lang='lat' dir='ltr'>pessima</span> <span class='ocrx_word' id='word_1_227' title='bbox 1571 1732 1856 1772; x_wconf 86' lang='lat' dir='ltr'>abhorremus,</span> <span class='ocrx_word' id='word_1_228' title='bbox 1891 1731 1965 1767; x_wconf 89' lang='lat' dir='ltr'>sed</span> 
     </span>
     <span class='ocr_line' id='line_1_25' title="bbox 303 1796 1965 1842; baseline -0.001 -8"><span class='ocrx_word' id='word_1_229' title='bbox 303 1798 552 1834; x_wconf 86' lang='lat' dir='ltr'>sententiam</span> <span class='ocrx_word' id='word_1_230' title='bbox 580 1808 662 1833; x_wconf 91' lang='lat' dir='ltr'>non</span> <span class='ocrx_word' id='word_1_231' title='bbox 692 1797 962 1842; x_wconf 79' lang='lat' dir='ltr'>infringimus.</span> <span class='ocrx_word' id='word_1_232' title='bbox 1016 1797 1167 1833; x_wconf 73' lang='lat' dir='ltr'>Verum</span> <span class='ocrx_word' id='word_1_233' title='bbox 1197 1797 1305 1832; x_wconf 89' lang='lat' dir='ltr'>enim</span> <span class='ocrx_word' id='word_1_234' title='bbox 1335 1799 1407 1833; x_wconf 87' lang='lat' dir='ltr'>est.</span> <span class='ocrx_word' id='word_1_235' title='bbox 1448 1797 1557 1841; x_wconf 89' lang='lat' dir='ltr'>quod</span> <span class='ocrx_word' id='word_1_236' title='bbox 1591 1797 1774 1832; x_wconf 92' lang='lat' dir='ltr'>nondum</span> <span class='ocrx_word' id='word_1_237' title='bbox 1805 1796 1965 1832; x_wconf 78' lang='lat' dir='ltr'>futurus</span> 
     </span>
     <span class='ocr_line' id='line_1_26' title="bbox 304 1854 1965 1924; baseline -0.002 -25"><span class='ocrx_word' id='word_1_238' title='bbox 304 1863 443 1899; x_wconf 89' lang='lat' dir='ltr'>mundi</span> <span class='ocrx_word' id='word_1_239' title='bbox 468 1854 630 1924; x_wconf 53' lang='lat' dir='ltr'><em>Q</em></span> <span class='ocrx_word' id='word_1_240' title='bbox 654 1862 923 1898; x_wconf 89' lang='lat' dir='ltr'>materialiter</span> <span class='ocrx_word' id='word_1_241' title='bbox 964 1864 1088 1898; x_wconf 89' lang='lat' dir='ltr'>esset.</span> <span class='ocrx_word' id='word_1_242' title='bbox 1129 1862 1223 1897; x_wconf 89' lang='lat' dir='ltr'>dum</span> <span class='ocrx_word' id='word_1_243' title='bbox 1250 1862 1381 1907; x_wconf 89' lang='lat' dir='ltr'>ipsum</span> <span class='ocrx_word' id='word_1_244' title='bbox 1411 1862 1544 1897; x_wconf 89' lang='lat' dir='ltr'>adhuc</span> <span class='ocrx_word' id='word_1_245' title='bbox 1570 1862 1750 1897; x_wconf 74' lang='lat' dir='ltr'>futurum</span> <span class='ocrx_word' id='word_1_246' title='bbox 1777 1861 1858 1897; x_wconf 89' lang='lat' dir='ltr'>iam</span> <span class='ocrx_word' id='word_1_247' title='bbox 1886 1861 1965 1897; x_wconf 90' lang='lat' dir='ltr'>dis-</span> 
     </span>
    </p>
   </div>
   <div class='ocr_carea' id='block_1_3' title="bbox 1988 897 2018 922">
    <p class='ocr_par' dir='ltr' id='par_1_5' title="bbox 1988 897 2018 922">
     <span class='ocr_line' id='line_1_27' title="bbox 1988 897 2018 922; baseline -0.033 0"><span class='ocrx_word' id='word_1_248' title='bbox 1988 897 2018 922; x_wconf 80' lang='lat'>10</span> 
     </span>
    </p>
   </div>
   <div class='ocr_carea' id='block_1_4' title="bbox 1984 1549 2019 1574">
    <p class='ocr_par' dir='ltr' id='par_1_6' title="bbox 1984 1549 2019 1574">
     <span class='ocr_line' id='line_1_28' title="bbox 1984 1549 2019 1574; baseline 0 0"><span class='ocrx_word' id='word_1_249' title='bbox 1984 1549 2019 1574; x_wconf 81' lang='lat'>20</span> 
     </span>
    </p>
   </div>
   <div class='ocr_carea' id='block_1_5' title="bbox 1985 1867 2018 1892">
    <p class='ocr_par' dir='ltr' id='par_1_7' title="bbox 1985 1867 2018 1892">
     <span class='ocr_line' id='line_1_29' title="bbox 1985 1867 2018 1892; baseline 0 0"><span class='ocrx_word' id='word_1_250' title='bbox 1985 1867 2018 1892; x_wconf 74' lang='lat'>25</span> 
     </span>
    </p>
   </div>
   <div class='ocr_carea' id='block_1_6' title="bbox 302 1926 2005 1973">
    <p class='ocr_par' dir='ltr' id='par_1_8' title="bbox 302 1926 2005 1973">
     <span class='ocr_line' id='line_1_30' title="bbox 302 1926 2005 1973; baseline -0.002 -9"><span class='ocrx_word' id='word_1_251' title='bbox 302 1929 484 1973; x_wconf 89' lang='lat' dir='ltr'>ponebat</span> <span class='ocrx_word' id='word_1_252' title='bbox 518 1928 835 1972; x_wconf 85' lang='lat' dir='ltr'>intelligibiliter.</span> <span class='ocrx_word' id='word_1_253' title='bbox 888 1926 1060 1962; x_wconf 86' lang='lat' dir='ltr'>Cassam</span> <span class='ocrx_word' id='word_1_254' title='bbox 1087 1929 1225 1962; x_wconf 89' lang='lat' dir='ltr'>autem</span> <span class='ocrx_word' id='word_1_255' title='bbox 1254 1927 1318 1962; x_wconf 87' lang='lat' dir='ltr'>vel</span> <span class='ocrx_word' id='word_1_256' title='bbox 1341 1926 1637 1972; x_wconf 86' lang='lat' dir='ltr'>cogitationem</span> <span class='ocrx_word' id='word_1_257' title='bbox 1660 1927 1725 1962; x_wconf 94' lang='lat' dir='ltr'>vel</span> <span class='ocrx_word' id='word_1_258' title='bbox 1746 1926 1965 1971; x_wconf 88' lang='lat' dir='ltr'>providen-</span> <span class='ocrx_word' id='word_1_259' title='bbox 2002 1946 2005 1950; x_wconf 93' lang='lat'>-</span> 
     </span>
    </p>
   </div>
   <div class='ocr_carea' id='block_1_7' title="bbox 302 1990 1966 2815">
    <p class='ocr_par' dir='ltr' id='par_1_9' title="bbox 302 1990 1966 2815">
     <span class='ocr_line' id='line_1_31' title="bbox 303 1990 1966 2035; baseline -0.002 -6"><span class='ocrx_word' id='word_1_260' title='bbox 303 1994 401 2029; x_wconf 91' lang='lat' dir='ltr'>tiam</span> <span class='ocrx_word' id='word_1_261' title='bbox 429 1992 601 2028; x_wconf 88' lang='lat' dir='ltr'>alicuius</span> <span class='ocrx_word' id='word_1_262' title='bbox 629 1993 766 2028; x_wconf 90' lang='lat' dir='ltr'>dicere</span> <span class='ocrx_word' id='word_1_263' title='bbox 794 2001 876 2027; x_wconf 92' lang='lat' dir='ltr'>non</span> <span class='ocrx_word' id='word_1_264' title='bbox 904 1992 1097 2027; x_wconf 89' lang='lat' dir='ltr'>solemus.</span> <span class='ocrx_word' id='word_1_265' title='bbox 1125 1991 1204 2027; x_wconf 92' lang='lat' dir='ltr'>nisi</span> <span class='ocrx_word' id='word_1_266' title='bbox 1232 2001 1338 2035; x_wconf 92' lang='lat' dir='ltr'>quae</span> <span class='ocrx_word' id='word_1_267' title='bbox 1367 1990 1518 2026; x_wconf 77' lang='lat' dir='ltr'>effectu</span> <span class='ocrx_word' id='word_1_268' title='bbox 1547 1992 1671 2026; x_wconf 90' lang='lat' dir='ltr'>caret.</span> <span class='ocrx_word' id='word_1_269' title='bbox 1708 2000 1786 2026; x_wconf 90' lang='lat' dir='ltr'>nec</span> <span class='ocrx_word' id='word_1_270' title='bbox 1811 1990 1966 2026; x_wconf 81' lang='lat' dir='ltr'>frustra</span> 
     </span>
     <span class='ocr_line' id='line_1_32' title="bbox 303 2055 1964 2103; baseline -0.002 -10"><span class='ocrx_word' id='word_1_271' title='bbox 303 2058 486 2103; x_wconf 89' lang='lat' dir='ltr'>cogitare</span> <span class='ocrx_word' id='word_1_272' title='bbox 515 2057 699 2094; x_wconf 83' lang='lat' dir='ltr'>dicimus.</span> <span class='ocrx_word' id='word_1_273' title='bbox 727 2056 806 2092; x_wconf 91' lang='lat' dir='ltr'>nisi</span> <span class='ocrx_word' id='word_1_274' title='bbox 828 2066 877 2092; x_wconf 89' lang='lat' dir='ltr'>ea</span> <span class='ocrx_word' id='word_1_275' title='bbox 907 2066 1013 2102; x_wconf 90' lang='lat' dir='ltr'>quae</span> <span class='ocrx_word' id='word_1_276' title='bbox 1042 2065 1168 2101; x_wconf 88' lang='lat' dir='ltr'>opere</span> <span class='ocrx_word' id='word_1_277' title='bbox 1196 2066 1278 2091; x_wconf 93' lang='lat' dir='ltr'>non</span> <span class='ocrx_word' id='word_1_278' title='bbox 1307 2056 1615 2101; x_wconf 87' lang='lat' dir='ltr'>complebimus.</span> <span class='ocrx_word' id='word_1_279' title='bbox 1668 2055 1806 2091; x_wconf 85' lang='lat' dir='ltr'>Verba</span> <span class='ocrx_word' id='word_1_280' title='bbox 1825 2055 1964 2100; x_wconf 92' lang='lat' dir='ltr'>itaque</span> 
     </span>
     <span class='ocr_line' id='line_1_33' title="bbox 303 2120 1964 2166; baseline -0.002 -8"><span class='ocrx_word' id='word_1_281' title='bbox 303 2124 604 2159; x_wconf 88' lang='lat' dir='ltr'>commutantes</span> <span class='ocrx_word' id='word_1_282' title='bbox 643 2132 723 2157; x_wconf 95' lang='lat' dir='ltr'>non</span> <span class='ocrx_word' id='word_1_283' title='bbox 769 2131 931 2157; x_wconf 90' lang='lat' dir='ltr'>cassam</span> <span class='ocrx_word' id='word_1_284' title='bbox 971 2121 1274 2166; x_wconf 89' lang='lat' dir='ltr'>providentiam</span> <span class='ocrx_word' id='word_1_285' title='bbox 1315 2120 1512 2158; x_wconf 81' lang='lat' dir='ltr'>dicamus.</span> <span class='ocrx_word' id='word_1_286' title='bbox 1550 2129 1657 2165; x_wconf 92' lang='lat' dir='ltr'>quae</span> <span class='ocrx_word' id='word_1_287' title='bbox 1696 2120 1849 2156; x_wconf 77' lang='lat' dir='ltr'>frustra</span> <span class='ocrx_word' id='word_1_288' title='bbox 1882 2129 1964 2156; x_wconf 91' lang='lat' dir='ltr'>non</span> 
     </span>
     <span class='ocr_line' id='line_1_34' title="bbox 304 2185 1965 2233; baseline -0.002 -10"><span class='ocrx_word' id='word_1_289' title='bbox 304 2187 467 2233; x_wconf 88' lang='lat' dir='ltr'>cogitat.</span> <span class='ocrx_word' id='word_1_290' title='bbox 511 2187 584 2222; x_wconf 88' lang='lat' dir='ltr'>sed</span> <span class='ocrx_word' id='word_1_291' title='bbox 625 2187 927 2231; x_wconf 90' lang='lat' dir='ltr'>concipientem</span> <span class='ocrx_word' id='word_1_292' title='bbox 969 2195 1074 2230; x_wconf 88' lang='lat' dir='ltr'>quae</span> <span class='ocrx_word' id='word_1_293' title='bbox 1114 2186 1293 2221; x_wconf 90' lang='lat' dir='ltr'>nondum</span> <span class='ocrx_word' id='word_1_294' title='bbox 1330 2185 1599 2221; x_wconf 88' lang='lat' dir='ltr'>materialiter</span> <span class='ocrx_word' id='word_1_295' title='bbox 1626 2185 1717 2221; x_wconf 89' lang='lat' dir='ltr'>sint.</span> <span class='ocrx_word' id='word_1_296' title='bbox 1754 2187 1965 2230; x_wconf 90' lang='lat' dir='ltr'>tamquam</span> 
     </span>
     <span class='ocr_line' id='line_1_35' title="bbox 304 2249 1965 2296; baseline -0.002 -8"><span class='ocrx_word' id='word_1_297' title='bbox 304 2252 542 2288; x_wconf 90' lang='lat' dir='ltr'>subsistant.</span> <span class='ocrx_word' id='word_1_298' title='bbox 565 2251 674 2296; x_wconf 91' lang='lat' dir='ltr'>quod</span> <span class='ocrx_word' id='word_1_299' title='bbox 691 2251 855 2296; x_wconf 91' lang='lat' dir='ltr'>quidem</span> <span class='ocrx_word' id='word_1_300' title='bbox 872 2251 1061 2287; x_wconf 90' lang='lat' dir='ltr'>naturale</span> <span class='ocrx_word' id='word_1_301' title='bbox 1078 2253 1141 2286; x_wconf 85' lang='lat' dir='ltr'>est</span> <span class='ocrx_word' id='word_1_302' title='bbox 1158 2250 1337 2286; x_wconf 92' lang='lat' dir='ltr'>omnium</span> <span class='ocrx_word' id='word_1_303' title='bbox 1360 2250 1726 2295; x_wconf 89' lang='lat' dir='ltr'>providentiarum.</span> <span class='ocrx_word' id='word_1_304' title='bbox 1760 2249 1965 2295; x_wconf 87' lang='lat' dir='ltr'>Cogitatio</span> 
     </span>
     <span class='ocr_line' id='line_1_36' title="bbox 303 2315 1966 2362; baseline -0.002 -9"><span class='ocrx_word' id='word_1_305' title='bbox 303 2327 452 2362; x_wconf 89' lang='lat' dir='ltr'>nempe</span> <span class='ocrx_word' id='word_1_306' title='bbox 475 2317 525 2353; x_wconf 92' lang='lat' dir='ltr'>de</span> <span class='ocrx_word' id='word_1_307' title='bbox 547 2317 692 2352; x_wconf 78' lang='lat' dir='ltr'>futuris</span> <span class='ocrx_word' id='word_1_308' title='bbox 714 2316 977 2361; x_wconf 88' lang='lat' dir='ltr'>providentia</span> <span class='ocrx_word' id='word_1_309' title='bbox 998 2316 1154 2353; x_wconf 87' lang='lat' dir='ltr'>dicitur.</span> <span class='ocrx_word' id='word_1_310' title='bbox 1184 2316 1234 2351; x_wconf 90' lang='lat' dir='ltr'>de</span> <span class='ocrx_word' id='word_1_311' title='bbox 1262 2315 1497 2360; x_wconf 89' lang='lat' dir='ltr'>praeteritis</span> <span class='ocrx_word' id='word_1_312' title='bbox 1530 2315 1740 2353; x_wconf 83' lang='lat' dir='ltr'>memoria.</span> <span class='ocrx_word' id='word_1_313' title='bbox 1771 2315 1821 2351; x_wconf 89' lang='lat' dir='ltr'>de</span> <span class='ocrx_word' id='word_1_314' title='bbox 1848 2324 1966 2360; x_wconf 90' lang='lat' dir='ltr'>prae-</span> 
     </span>
     <span class='ocr_line' id='line_1_37' title="bbox 303 2379 1965 2426; baseline -0.002 -8"><span class='ocrx_word' id='word_1_315' title='bbox 303 2382 489 2418; x_wconf 89' lang='lat' dir='ltr'>sentibus</span> <span class='ocrx_word' id='word_1_316' title='bbox 526 2381 692 2426; x_wconf 88' lang='lat' dir='ltr'>proprie</span> <span class='ocrx_word' id='word_1_317' title='bbox 732 2381 1013 2426; x_wconf 88' lang='lat' dir='ltr'>intelligentia.</span> <span class='ocrx_word' id='word_1_318' title='bbox 1067 2381 1107 2416; x_wconf 86' lang='lat' dir='ltr'>Si</span> <span class='ocrx_word' id='word_1_319' title='bbox 1144 2382 1282 2416; x_wconf 86' lang='lat' dir='ltr'>autem</span> <span class='ocrx_word' id='word_1_320' title='bbox 1317 2380 1535 2425; x_wconf 87' lang='lat' dir='ltr'>deceptum</span> <span class='ocrx_word' id='word_1_321' title='bbox 1563 2380 1672 2416; x_wconf 87' lang='lat' dir='ltr'>dicat</span> <span class='ocrx_word' id='word_1_322' title='bbox 1699 2389 1792 2416; x_wconf 91' lang='lat' dir='ltr'>eum</span> <span class='ocrx_word' id='word_1_323' title='bbox 1820 2379 1888 2424; x_wconf 88' lang='lat' dir='ltr'>qui</span> <span class='ocrx_word' id='word_1_324' title='bbox 1914 2379 1965 2415; x_wconf 89' lang='lat' dir='ltr'>de</span> 
     </span>
     <span class='ocr_line' id='line_1_38' title="bbox 302 2444 1965 2491; baseline -0.001 -9"><span class='ocrx_word' id='word_1_325' title='bbox 302 2448 438 2482; x_wconf 81' lang='lat' dir='ltr'>futuro</span> <span class='ocrx_word' id='word_1_326' title='bbox 467 2448 576 2482; x_wconf 89' lang='lat' dir='ltr'>statu</span> <span class='ocrx_word' id='word_1_327' title='bbox 604 2447 722 2491; x_wconf 86' lang='lat' dir='ltr'>quasi</span> <span class='ocrx_word' id='word_1_328' title='bbox 756 2446 837 2482; x_wconf 91' lang='lat' dir='ltr'>iam</span> <span class='ocrx_word' id='word_1_329' title='bbox 866 2446 916 2481; x_wconf 90' lang='lat' dir='ltr'>de</span> <span class='ocrx_word' id='word_1_330' title='bbox 950 2446 1145 2481; x_wconf 82' lang='lat' dir='ltr'>existenti</span> <span class='ocrx_word' id='word_1_331' title='bbox 1184 2445 1441 2490; x_wconf 90' lang='lat' dir='ltr'>providendo</span> <span class='ocrx_word' id='word_1_332' title='bbox 1484 2445 1648 2490; x_wconf 76' lang='lat' dir='ltr'>cogitat,</span> <span class='ocrx_word' id='word_1_333' title='bbox 1687 2445 1778 2489; x_wconf 93' lang='lat' dir='ltr'>ipse</span> <span class='ocrx_word' id='word_1_334' title='bbox 1816 2444 1965 2489; x_wconf 89' lang='lat' dir='ltr'>potius,</span> 
     </span>
     <span class='ocr_line' id='line_1_39' title="bbox 305 2508 1966 2557; baseline -0.002 -10"><span class='ocrx_word' id='word_1_335' title='bbox 305 2512 372 2557; x_wconf 93' lang='lat' dir='ltr'>qui</span> <span class='ocrx_word' id='word_1_336' title='bbox 415 2511 633 2556; x_wconf 86' lang='lat' dir='ltr'>deceptum</span> <span class='ocrx_word' id='word_1_337' title='bbox 679 2511 895 2546; x_wconf 90' lang='lat' dir='ltr'>dicendum</span> <span class='ocrx_word' id='word_1_338' title='bbox 942 2511 1067 2555; x_wconf 88' lang='lat' dir='ltr'>putat.</span> <span class='ocrx_word' id='word_1_339' title='bbox 1115 2510 1326 2555; x_wconf 89' lang='lat' dir='ltr'>decipitur.</span> <span class='ocrx_word' id='word_1_340' title='bbox 1396 2510 1483 2545; x_wconf 90' lang='lat' dir='ltr'>Non</span> <span class='ocrx_word' id='word_1_341' title='bbox 1529 2509 1639 2545; x_wconf 91' lang='lat' dir='ltr'>enim</span> <span class='ocrx_word' id='word_1_342' title='bbox 1684 2509 1752 2553; x_wconf 93' lang='lat' dir='ltr'>qui</span> <span class='ocrx_word' id='word_1_343' title='bbox 1787 2508 1966 2544; x_wconf 81' lang='lat' dir='ltr'>futurum</span> 
     </span>
     <span class='ocr_line' id='line_1_40' title="bbox 304 2573 1965 2621; baseline -0.002 -9"><span class='ocrx_word' id='word_1_344' title='bbox 304 2576 504 2621; x_wconf 84' lang='lat' dir='ltr'>providet.</span> <span class='ocrx_word' id='word_1_345' title='bbox 542 2575 753 2620; x_wconf 89' lang='lat' dir='ltr'>decipitur.</span> <span class='ocrx_word' id='word_1_346' title='bbox 794 2576 872 2611; x_wconf 92' lang='lat' dir='ltr'>nisi</span> <span class='ocrx_word' id='word_1_347' title='bbox 904 2576 984 2611; x_wconf 92' lang='lat' dir='ltr'>iam</span> <span class='ocrx_word' id='word_1_348' title='bbox 1024 2575 1080 2611; x_wconf 93' lang='lat' dir='ltr'>ita</span> <span class='ocrx_word' id='word_1_349' title='bbox 1119 2575 1261 2611; x_wconf 88' lang='lat' dir='ltr'>credat</span> <span class='ocrx_word' id='word_1_350' title='bbox 1294 2584 1401 2611; x_wconf 88' lang='lat' dir='ltr'>esse.</span> <span class='ocrx_word' id='word_1_351' title='bbox 1442 2574 1547 2610; x_wconf 90' lang='lat' dir='ltr'>sicut</span> <span class='ocrx_word' id='word_1_352' title='bbox 1573 2574 1773 2619; x_wconf 90' lang='lat' dir='ltr'>providet.</span> <span class='ocrx_word' id='word_1_353' title='bbox 1823 2573 1965 2618; x_wconf 91' lang='lat' dir='ltr'>Neque</span> 
     </span>
     <span class='ocr_line' id='line_1_41' title="bbox 305 2638 1964 2686; baseline -0.002 -8"><span class='ocrx_word' id='word_1_354' title='bbox 305 2642 413 2678; x_wconf 90' lang='lat' dir='ltr'>enim</span> <span class='ocrx_word' id='word_1_355' title='bbox 450 2641 667 2686; x_wconf 88' lang='lat' dir='ltr'>conceptio</span> <span class='ocrx_word' id='word_1_356' title='bbox 714 2650 796 2676; x_wconf 95' lang='lat' dir='ltr'>non</span> <span class='ocrx_word' id='word_1_357' title='bbox 843 2640 1062 2676; x_wconf 79' lang='lat' dir='ltr'>existentis</span> <span class='ocrx_word' id='word_1_358' title='bbox 1109 2640 1169 2676; x_wconf 92' lang='lat' dir='ltr'>rei</span> <span class='ocrx_word' id='word_1_359' title='bbox 1208 2640 1424 2684; x_wconf 89' lang='lat' dir='ltr'>deceptum</span> <span class='ocrx_word' id='word_1_360' title='bbox 1470 2639 1576 2680; x_wconf 76' lang='lat' dir='ltr'>facit,</span> <span class='ocrx_word' id='word_1_361' title='bbox 1629 2639 1703 2675; x_wconf 92' lang='lat' dir='ltr'>sed</span> <span class='ocrx_word' id='word_1_362' title='bbox 1746 2638 1853 2674; x_wconf 81' lang='lat' dir='ltr'>fides</span> <span class='ocrx_word' id='word_1_363' title='bbox 1898 2638 1964 2674; x_wconf 89' lang='lat' dir='ltr'>ad-</span> 
     </span>
     <span class='ocr_line' id='line_1_42' title="bbox 305 2702 1965 2750; baseline -0.001 -9"><span class='ocrx_word' id='word_1_364' title='bbox 305 2705 442 2741; x_wconf 86' lang='lat' dir='ltr'>hibita.</span> <span class='ocrx_word' id='word_1_365' title='bbox 494 2704 579 2741; x_wconf 89' lang='lat' dir='ltr'>Etsi</span> <span class='ocrx_word' id='word_1_366' title='bbox 606 2705 713 2740; x_wconf 91' lang='lat' dir='ltr'>enim</span> <span class='ocrx_word' id='word_1_367' title='bbox 741 2705 918 2750; x_wconf 88' lang='lat' dir='ltr'>cogitem</span> <span class='ocrx_word' id='word_1_368' title='bbox 946 2713 1114 2739; x_wconf 91' lang='lat' dir='ltr'>corvum</span> <span class='ocrx_word' id='word_1_369' title='bbox 1148 2704 1393 2739; x_wconf 89' lang='lat' dir='ltr'>rationalem</span> <span class='ocrx_word' id='word_1_370' title='bbox 1420 2712 1497 2739; x_wconf 87' lang='lat' dir='ltr'>nec</span> <span class='ocrx_word' id='word_1_371' title='bbox 1530 2705 1669 2739; x_wconf 90' lang='lat' dir='ltr'>tamen</span> <span class='ocrx_word' id='word_1_372' title='bbox 1701 2703 1758 2739; x_wconf 90' lang='lat' dir='ltr'>ita</span> <span class='ocrx_word' id='word_1_373' title='bbox 1787 2702 1965 2749; x_wconf 87' lang='lat' dir='ltr'>credam.</span> 
     </span>
     <span class='ocr_line' id='line_1_43' title="bbox 306 2766 1966 2815; baseline -0.002 -9"><span class='ocrx_word' id='word_1_374' title='bbox 306 2770 504 2815; x_wconf 88' lang='lat' dir='ltr'>deceptus</span> <span class='ocrx_word' id='word_1_375' title='bbox 550 2779 632 2806; x_wconf 90' lang='lat' dir='ltr'>non</span> <span class='ocrx_word' id='word_1_376' title='bbox 683 2779 783 2805; x_wconf 89' lang='lat' dir='ltr'>sum.</span> <span class='ocrx_word' id='word_1_377' title='bbox 846 2768 912 2805; x_wconf 90' lang='lat' dir='ltr'>Sic</span> <span class='ocrx_word' id='word_1_378' title='bbox 952 2778 1029 2805; x_wconf 89' lang='lat' dir='ltr'>nec</span> <span class='ocrx_word' id='word_1_379' title='bbox 1071 2768 1306 2813; x_wconf 88' lang='lat' dir='ltr'>providens,</span> <span class='ocrx_word' id='word_1_380' title='bbox 1347 2768 1443 2813; x_wconf 91' lang='lat' dir='ltr'>quia</span> <span class='ocrx_word' id='word_1_381' title='bbox 1484 2768 1523 2804; x_wconf 91' lang='lat' dir='ltr'>id</span> <span class='ocrx_word' id='word_1_382' title='bbox 1568 2768 1677 2813; x_wconf 93' lang='lat' dir='ltr'>quod</span> <span class='ocrx_word' id='word_1_383' title='bbox 1722 2767 1841 2812; x_wconf 87' lang='lat' dir='ltr'>quasi</span> <span class='ocrx_word' id='word_1_384' title='bbox 1884 2766 1966 2803; x_wconf 89' lang='lat' dir='ltr'>iam</span> 
     </span>
    </p>
   </div>
   <div class='ocr_carea' id='block_1_8' title="bbox 629 2850 729 2852">
    <p class='ocr_par' dir='ltr' id='par_1_10' title="bbox 629 2850 729 2852">
     <span class='ocr_line' id='line_1_44' title="bbox 629 2850 729 2852; baseline 0 0"><span class='ocrx_word' id='word_1_385' title='bbox 629 2850 729 2852; x_wconf 95' lang='lat' dir='ltr'> </span> 
     </span>
    </p>
   </div>
   <div class='ocr_carea' id='block_1_9' title="bbox 306 2893 1977 3055">
    <p class='ocr_par' dir='ltr' id='par_1_11' title="bbox 306 2893 1977 3055">
     <span class='ocr_line' id='line_1_45' title="bbox 449 2893 1977 2936; baseline -0.001 -7"><span class='ocrx_word' id='word_1_386' title='bbox 449 2898 489 2930; x_wconf 89' lang='lat'>10</span> <span class='ocrx_word' id='word_1_387' title='bbox 517 2896 591 2936; x_wconf 77' lang='lat' dir='ltr'>etl]</span> <span class='ocrx_word' id='word_1_388' title='bbox 614 2898 670 2929; x_wconf 80' lang='lat' dir='ltr'>vel</span> <span class='ocrx_word' id='word_1_389' title='bbox 692 2898 716 2929; x_wconf 81' lang='grc' dir='ltr'><em>Α</em></span> <span class='ocrx_word' id='word_1_390' title='bbox 799 2898 839 2928; x_wconf 72' lang='lat' dir='ltr'>1ss</span> <span class='ocrx_word' id='word_1_391' title='bbox 868 2894 999 2935; x_wconf 76' lang='lat' dir='ltr'>utrum}</span> <span class='ocrx_word' id='word_1_392' title='bbox 1022 2897 1148 2928; x_wconf 88' lang='lat' dir='ltr'>iterum</span> <span class='ocrx_word' id='word_1_393' title='bbox 1170 2896 1194 2927; x_wconf 72' lang='lat' dir='ltr'><em>A</em></span> <span class='ocrx_word' id='word_1_394' title='bbox 1274 2896 1316 2928; x_wconf 76' lang='lat'>22</span> <span class='ocrx_word' id='word_1_395' title='bbox 1338 2893 1436 2934; x_wconf 82' lang='lat' dir='ltr'>inde]</span> <span class='ocrx_word' id='word_1_396' title='bbox 1458 2896 1491 2927; x_wconf 89' lang='lat' dir='ltr'>in</span> <span class='ocrx_word' id='word_1_397' title='bbox 1518 2895 1546 2927; x_wconf 81' lang='grc' dir='ltr'><strong><em>Α</em></strong></span> <span class='ocrx_word' id='word_1_398' title='bbox 1625 2895 1666 2926; x_wconf 82' lang='grc'>27</span> <span class='ocrx_word' id='word_1_399' title='bbox 1689 2894 1916 2927; x_wconf 74' lang='lat' dir='ltr'>afieducaret</span> <span class='ocrx_word' id='word_1_400' title='bbox 1934 2894 1977 2929; x_wconf 79' lang='lat' dir='ltr'>A.</span> 
     </span>
     <span class='ocr_line' id='line_1_46' title="bbox 307 2952 1965 2996; baseline -0.002 -9"><span class='ocrx_word' id='word_1_401' title='bbox 307 2958 349 2989; x_wconf 66' lang='lat'>:30</span> <span class='ocrx_word' id='word_1_402' title='bbox 377 2956 643 2996; x_wconf 84' lang='lat' dir='ltr'>concipientem</span> <span class='ocrx_word' id='word_1_403' title='bbox 671 2958 855 2995; x_wconf 85' lang='lat' dir='ltr'>tamquam</span> <span class='ocrx_word' id='word_1_404' title='bbox 885 2955 1043 2987; x_wconf 89' lang='lat' dir='ltr'>nondum</span> <span class='ocrx_word' id='word_1_405' title='bbox 1065 2954 1302 2986; x_wconf 84' lang='lat' dir='ltr'>materialiter</span> <span class='ocrx_word' id='word_1_406' title='bbox 1322 2954 1393 2986; x_wconf 88' lang='lat' dir='ltr'>sint</span> <span class='ocrx_word' id='word_1_407' title='bbox 1413 2954 1590 2985; x_wconf 89' lang='lat' dir='ltr'>subsistat</span> <span class='ocrx_word' id='word_1_408' title='bbox 1616 2953 1644 2985; x_wconf 87' lang='lat' dir='ltr'><strong><em>A</em></strong></span> <span class='ocrx_word' id='word_1_409' title='bbox 1733 2952 1837 2984; x_wconf 84' lang='lat'><strong>32-33</strong></span> <span class='ocrx_word' id='word_1_410' title='bbox 1862 2960 1965 2992; x_wconf 88' lang='lat' dir='ltr'>prae-</span> 
     </span>
     <span class='ocr_line' id='line_1_47' title="bbox 306 3014 958 3055; baseline -0.002 -8"><span class='ocrx_word' id='word_1_411' title='bbox 306 3016 421 3048; x_wconf 86' lang='lat' dir='ltr'>sentis</span> <span class='ocrx_word' id='word_1_412' title='bbox 447 3015 474 3047; x_wconf 73' lang='lat' dir='ltr'><em>A</em></span> <span class='ocrx_word' id='word_1_413' title='bbox 553 3016 595 3047; x_wconf 81' lang='lat'>35</span> <span class='ocrx_word' id='word_1_414' title='bbox 623 3015 787 3047; x_wconf 88' lang='lat' dir='ltr'>dicedum</span> <span class='ocrx_word' id='word_1_415' title='bbox 816 3016 904 3055; x_wconf 87' lang='lat' dir='ltr'>puta</span> <span class='ocrx_word' id='word_1_416' title='bbox 930 3014 958 3046; x_wconf 83' lang='lat' dir='ltr'><strong><em>A</em></strong></span> 
     </span>
    </p>
   </div>
   <div class='ocr_carea' id='block_1_10' title="bbox 450 3091 1083 3131">
    <p class='ocr_par' dir='ltr' id='par_1_12' title="bbox 450 3091 1083 3131">
     <span class='ocr_line' id='line_1_48' title="bbox 450 3091 1083 3131; baseline -0.003 -8"><span class='ocrx_word' id='word_1_417' title='bbox 450 3091 461 3112; x_wconf 83' lang='lat'>¹</span> <span class='ocrx_word' id='word_1_418' title='bbox 491 3091 540 3123; x_wconf 74' lang='lat' dir='ltr'>Cf.</span> <span class='ocrx_word' id='word_1_419' title='bbox 574 3091 691 3123; x_wconf 80' lang='lat' dir='ltr'>Tract.</span> <span class='ocrx_word' id='word_1_420' title='bbox 720 3091 763 3122; x_wconf 77' lang='lat' dir='ltr'>cle</span> <span class='ocrx_word' id='word_1_421' title='bbox 790 3091 916 3128; x_wconf 62' lang='lat' dir='ltr'>intell,</span> <span class='ocrx_word' id='word_1_422' title='bbox 945 3099 977 3131; x_wconf 89' lang='lat' dir='ltr'>p.</span> <span class='ocrx_word' id='word_1_423' title='bbox 1007 3091 1083 3122; x_wconf 62' lang='lat'>7425.</span> 
     </span>
    </p>
   </div>
   <div class='ocr_carea' id='block_1_11' title="bbox 1985 2196 2019 2221">
    <p class='ocr_par' dir='ltr' id='par_1_13' title="bbox 1985 2196 2019 2221">
     <span class='ocr_line' id='line_1_49' title="bbox 1985 2196 2019 2221; baseline 0.059 -6"><span class='ocrx_word' id='word_1_424' title='bbox 1985 2196 2019 2221; x_wconf 71' lang='lat'>31)</span> 
     </span>
    </p>
   </div>
   <div class='ocr_carea' id='block_1_12' title="bbox 1985 2519 2020 2544">
    <p class='ocr_par' dir='ltr' id='par_1_14' title="bbox 1985 2519 2020 2544">
     <span class='ocr_line' id='line_1_50' title="bbox 1985 2519 2020 2544; baseline 0 0"><span class='ocrx_word' id='word_1_425' title='bbox 1985 2519 2020 2544; x_wconf 88' lang='lat'>35</span> 
     </span>
    </p>
   </div>
  </div>
 </body>
</html>
