2200 3387
176 2554 198 2586 ἰ.
226 2554 294 2586 371·

336 243 403 278 264
754 248 858 279 Potor
885 247 1087 280 Abaelards
1115 248 1247 289 Logiea
1276 249 1598 290 ,ingl-odientibus&

334 342 514 379 fortasse
543 343 621 380 dici
656 343 830 379 alterum
858 343 976 380 alteri
1004 345 1155 389 opponi
1188 345 1251 381 his
1279 347 1473 390 quattuor
1498 346 1630 382 modis
1658 347 1884 385 secundum
1918 347 1998 384 hoc

336 408 443 452 quod
474 408 645 444 dicimus
673 408 879 453 quoddam
913 409 1062 445 animal
1100 419 1196 446 esse
1233 410 1435 447 rationale
1472 413 1512 448 et
1546 411 1795 454 irrationale,
1832 411 1998 450 coniun-

336 473 471 518 gendo
501 473 665 518 quidem
694 475 802 510 totas
831 474 1149 519 propositiones.
1187 485 1268 512 non
1298 476 1549 521 praedicata,
1577 477 1656 513 hoc
1691 478 1831 514 modo:
1871 479 1998 523 quod-

335 537 427 573 dam
455 538 605 574 animal
634 541 697 575 est
724 539 927 575 rationale
957 543 996 575 et
1017 540 1223 584 quoddam
1246 541 1395 577 animal
1419 543 1483 577 est
1503 541 1753 579 irrationale.
1805 541 1999 579 Similiter

335 603 443 638 enim
481 603 619 639 dicere
653 613 873 649 possumus
910 605 1017 649 quod
1055 606 1275 650 opponitur
1310 606 1427 641 alteri
1455 607 1675 648 <alterum>
1702 609 1745 643 ut
1779 607 1996 644 relativum
2017 612 2033 638 5

335 669 374 702 et
417 667 592 703 alterum
638 668 858 712 opponitur
901 669 1019 704 alteri
1065 670 1107 704 ut
1151 670 1400 705 contrarium
1437 672 1511 706 etc.
1565 670 1811 715 Opponicur
1841 673 1996 707 autem.

334 731 592 768 Enumeratis
622 732 753 768 modis
782 733 1088 778 oppositionum
1117 734 1311 779 supponit
1338 735 1532 780 exempla
1558 735 1609 771 de
1637 735 1809 781 singulis
1836 735 1996 772 dicens:

332 796 662 842 Unumquodque
691 797 862 833 istorum
890 798 1110 843 opponitur
1136 799 1267 839 alteri,
1300 799 1337 835 id
1368 801 1431 835 est
1459 800 1700 844 quaedam
1728 800 1779 836 de
1806 800 1996 837 omnibus

332 861 421 897 istis
450 864 715 907 opponuntur
741 862 832 898 aliis
860 865 902 898 ut
929 863 1115 905 relativa,
1154 864 1260 899 sicut
1288 864 1453 909 duplum
1481 864 1659 906 dimidio,
1688 865 1928 910 quaedam
1953 867 1997 902 ut

332 927 551 965 contraria,
580 927 684 963 sicut
711 927 862 963 bonum
891 928 998 963 malo
1027 930 1102 964 etc.
1159 929 1203 964 [Ἰ
1230 929 1284 965 sit
1304 929 1526 973 simiratim
1548 930 1694 973 dicere,
1721 930 1816 975 quia
1842 930 1997 968 scilicet
2017 940 2050 965 10

331 990 400 1026 ubi
436 990 537 1026 dixit
574 991 907 1037 ‚unumquodque
940 992 1109 1028 istorum
1152 993 1372 1038 opponitur
1407 994 1535 1029 alteri⁴
1581 1003 1655 1039 pro
1693 994 1908 1039 ‚quaedam
1944 994 1995 1031 de

332 1055 522 1091 omnibus
539 1055 628 1091 istis
649 1058 911 1101 opponuntur
924 1057 1038 1098 aliis‘‚
1056 1057 1231 1103 figuram
1254 1058 1351 1094 fecit
1372 1058 1411 1094 in
1433 1058 1651 1095 locutione.
1699 1059 1996 1102 Quaecumque

334 1120 475 1163 initur.
527 1120 651 1157 Facta
679 1121 881 1158 divisione
910 1124 950 1158 et
977 1123 1189 1159 declarata
1216 1123 1256 1159 in
1284 1124 1486 1169 exemplis
1513 1124 1646 1169 aperit
1666 1126 1836 1160 naturas
1860 1124 1996 1170 singu·

329 1185 459 1220 larum
488 1184 807 1229 oppositionum,
835 1187 876 1221 et
901 1186 1015 1231 prius
1042 1186 1127 1232 agit
1154 1187 1204 1222 de
1232 1187 1492 1232 oppositione
1514 1187 1779 1224 relativorum
1798 1190 1994 1234 repetens

331 1257 423 1284 eam
452 1248 747 1293 proprietatem
774 1250 1040 1286 relativorum
1068 1260 1190 1295 quam
1219 1251 1356 1295 posuit
1383 1251 1423 1287 in
1461 1251 1533 1292 ,Ad
1566 1252 1729 1296 aliquid‘
1767 1253 1991 1289 secundum
2017 1265 2049 1290 15

329 1312 539 1348 nominum
568 1314 928 1350 constructionem.
981 1314 1152 1359 Quippe,
1189 1316 1232 1350 ut
1265 1315 1416 1351 dictum
1454 1317 1527 1357 est,
1562 1316 1667 1352 haec
1702 1315 1848 1352 divisio
1884 1316 1995 1352 circa

330 1386 458 1413 voces
486 1379 560 1416 est.
587 1387 670 1414 non
698 1378 809 1415 circa
834 1388 914 1415 res.

472 1442 747 1479 Continuatio.
801 1444 1144 1490 Quandoquidem
1166 1446 1386 1483 dicendum
1409 1448 1473 1482 est
1493 1447 1544 1482 de
1567 1447 1756 1482 omnibus
1778 1446 1993 1492 oppositis,

331 1517 430 1554 ergo
465 1509 515 1544 de
548 1509 744 1545 relativis.
797 1510 831 1545 A
870 1511 966 1546 toto.
1019 1511 1106 1547 Hoc
1151 1512 1308 1548 scilicet
1353 1511 1572 1548 dicendum
1617 1513 1681 1548 est
1721 1512 1830 1557 quod
1869 1521 1990 1557 quae-

329 1583 504 1619 cumque
533 1575 736 1610 vocabula
763 1577 1027 1620 opponuntur
1053 1578 1096 1612 ut
1121 1577 1306 1618 relativa,
1334 1577 1373 1613 in
1401 1577 1568 1622 propria
1594 1586 1698 1613 voce
1726 1577 1994 1623 assignantur
2012 1583 2048 1609 20

330 1638 382 1674 ad
410 1639 491 1674 alia
518 1640 657 1675 mutuo
686 1640 753 1675 vel
779 1649 854 1685 per
879 1641 1118 1686 genetivum
1145 1643 1212 1678 vel
1238 1642 1368 1678 aliter.
1417 1642 1465 1678 Et
1491 1643 1608 1678 nota
1635 1642 1745 1688 quod
1773 1641 1904 1678 simile
1925 1641 1993 1678 vel

330 1703 504 1748 aequale
532 1703 599 1739 vel
626 1703 861 1740 huiusmodi
892 1705 1068 1741 relativa
1100 1706 1269 1742 nomina
1301 1716 1408 1751 quae
1448 1707 1500 1742 ad
1539 1716 1583 1742 se
1616 1706 1709 1751 ipsa
1746 1706 1991 1748 referuntur,

330 1767 405 1803 sub
433 1767 617 1803 relativis
646 1768 846 1813 oppositis
874 1778 957 1805 non
994 1770 1154 1811 cadunt.
1194 1770 1267 1806 sed
1303 1770 1372 1806 illa
1407 1771 1565 1806 tantum
1602 1779 1708 1815 quae
1745 1769 1856 1806 aliud
1883 1779 1908 1806 a
1945 1779 1991 1806 se

327 1832 481 1867 habent
516 1831 569 1867 ad
602 1832 711 1877 quod
746 1832 991 1869 referuntur.
1044 1833 1125 1869 Ilus
1171 1834 1280 1870 enim
1317 1835 1474 1870 tantum
1518 1834 1666 1870 modus
1712 1834 1990 1880 oppositionis

327 1897 523 1933 convenit
561 1906 681 1942 quem
722 1898 877 1934 habent
911 1899 1098 1940 relativa,
1144 1900 1371 1935 secundum
1411 1901 1647 1945 respectum
1687 1900 1854 1942 scilicet,
1894 1900 1991 1946 quia
2010 1909 2043 1935 25

326 1971 448 1998 nemo
475 1964 648 1998 vocatur
675 1964 794 2007 pater
820 1965 1016 2008 quantum
1044 1964 1096 2000 ad
1124 1974 1217 2001 eum
1245 1965 1297 2001 ad
1325 1974 1447 2010 quem
1475 1965 1620 2001 dicitur
1639 1965 1759 2001 filius.
1810 1965 1862 2001 At
1888 1975 1989 2002 vero

327 2035 418 2062 cum
446 2027 621 2071 aequale
650 2029 690 2063 et
724 2027 944 2072 inaequale
981 2028 1088 2064 idem
1125 2029 1178 2064 sit
1214 2029 1378 2073 penitus
1412 2038 1575 2070 nomen,
1612 2029 1664 2065 ad
1701 2029 1989 2075 quodcumque

327 2091 479 2137 aliquid
517 2092 663 2127 dicitur
698 2093 886 2137 aequale,
923 2094 975 2129 ad
1008 2093 1117 2129 idem
1153 2093 1300 2130 dicitur
1334 2093 1565 2139 inaequale.
1616 2093 1663 2130 Et
1698 2104 1787 2131 nos
1824 2095 1989 2140 quidem

327 2157 465 2192 omnia
491 2157 666 2193 relativa
693 2157 799 2193 inter
826 2167 871 2194 se
900 2159 1166 2195 concedimus
1203 2168 1299 2195 esse
1336 2159 1539 2204 opposita.
1590 2159 1643 2195 At
1675 2168 1775 2195 vero
1812 2160 1988 2205 aequale

326 2224 367 2257 et
392 2222 613 2267 Inaequale
641 2232 723 2258 non
752 2224 846 2259 sunt
872 2223 1047 2259 relativa
1073 2224 1295 2268 pluraliter,
1333 2224 1407 2260 sed
1434 2234 1560 2260 unum
1593 2225 1751 2261 tantum
1787 2226 1851 2261 est
1885 2225 1988 2262 rela-
2008 2233 2043 2259 30

326 2287 464 2327 tivum,
492 2287 601 2332 quod
629 2287 680 2323 ad
707 2297 752 2324 se
779 2288 913 2333 ipsum
941 2289 1096 2324 dicitur.
1148 2289 1237 2325 Non
1264 2289 1403 2334 itaque
1431 2299 1554 2326 omne
1589 2290 1807 2326 relativum
1844 2299 1989 2327 conce-

325 2351 458 2388 dimus
498 2352 653 2388 habere
693 2353 927 2398 oppositum
965 2354 1193 2395 relativum,
1231 2354 1305 2390 sed
1342 2355 1382 2390 et
1414 2354 1554 2390 omnia
1587 2355 1696 2391 inter
1730 2365 1777 2392 se
1813 2355 1989 2392 relativa

324 2416 432 2452 inter
470 2426 516 2452 se
551 2426 646 2453 esse
687 2418 890 2463 opposita.
941 2418 1060 2455 Unde
1100 2419 1141 2455 in
1180 2419 1385 2456 divisione
1431 2420 1715 2465 oppositorum
1760 2420 1987 2465 pluralibus

324 2481 432 2518 bene
460 2482 693 2518 nominibus
724 2482 845 2524 facta,
882 2483 923 2519 in
960 2484 1131 2530 singulis
1160 2493 1324 2530 quoque
1361 2484 1639 2521 dividentibus
1676 2485 1795 2527 ‚inter
1830 2489 1887 2522 se‘
1923 2488 1987 2522 est

322 2546 724 2593 subintelligendum,
752 2548 830 2584 hoc
852 2548 992 2585 modo:
1021 2548 1220 2594 Opposita
1244 2549 1351 2586 inter
1373 2559 1419 2585 se
1442 2549 1445 2594 Ι
1470 2549 1552 2585 alia
1572 2551 1666 2585 sunt
1686 2550 1860 2587 relativa
1880 2551 1988 2587 inter
2005 2559 2040 2584 35

323 2620 381 2652 se,
420 2611 501 2647 alia
536 2613 745 2648 contraria
784 2613 891 2649 inter
930 2623 987 2649 se.
1038 2614 1232 2650 Alicuius
1270 2615 1395 2651 enim.
1448 2615 1556 2651 Vere
1594 2615 1760 2661 duplum
1798 2616 1985 2658 refertur,

323 2676 419 2720 quia
455 2686 530 2722 per
562 2678 811 2723 genetivum.
862 2679 895 2714 A
932 2681 1060 2724 parte.
1117 2679 1198 2716 Sed
1232 2682 1268 2716 et
1304 2680 1547 2725 disciplina.
1598 2680 1656 2716 Ne
1696 2680 1786 2726 quis
1822 2682 1986 2726 putaret

322 2741 576 2784 praedictam
622 2742 957 2779 communitatem
1005 2743 1116 2780 veris
1161 2745 1317 2780 tantum
1357 2744 1539 2780 relativis
1583 2744 1820 2786 convenire,
1871 2746 1986 2790 aptat

323 2815 414 2842 eam
441 2805 543 2842 aliis.

464 2869 738 2906 Continuatio.
791 2871 880 2907 Non
908 2872 1039 2908 solum
1066 2872 1243 2908 relativa
1268 2872 1439 2909 nomina
1464 2873 1543 2909 hoc
1565 2873 1730 2915 habent,
1758 2873 1833 2909 sed
1861 2873 1983 2910 etiam
2003 2885 2038 2911 ιο

322 2933 412 2968 alia.
464 2933 511 2969 Et
537 2933 615 2970 hoc
643 2935 723 2970 est:
761 2933 842 2971 Sed
870 2935 993 2971 etiam
1021 2935 1323 2981 disciplinatum
1349 2936 1586 2982 assignatur
1612 2937 1752 2972 mutuo
1785 2937 1838 2973 ad
1865 2946 1984 2973 suum

323 2997 566 3042 oppositum,
594 2999 703 3044 quod
732 2999 889 3036 scilicet
916 3001 980 3035 est
1007 3000 1233 3046 disciplina.
1286 3000 1361 3037 Vel
1387 3002 1526 3046 potest
1553 3000 1632 3037 dici
1653 3001 1762 3046 quod
1788 3001 1896 3038 inter
1920 3010 1983 3038 re-

464 3120 481 3149 :3
510 3119 594 3151 totis
621 3120 645 3151 Α
797 3121 839 3152 37
867 3118 955 3161 Nec]
983 3130 1038 3153 ne.
