2200 3387
591 196 616 228 l.
647 195 709 227 lm·
738 195 893 227 (ilosscn
923 204 965 227 zu
996 194 1230 234 Porphyrius.
1262 215 1301 217 ν-
1332 195 1382 227 lle
1410 196 1546 236 speeie.
1862 194 1901 229 ‹tl

688 364 1036 417 Tractatus
1078 365 1160 417 de
1203 366 1447 430 specle.

1936 436 2068 471 Baetin.

369 471 533 516 speeies
569 473 723 506 (tutem.
776 470 871 506 Post
904 480 1036 514 genus
1070 470 1206 506 statim
1249 471 1430 515 speciem
1469 474 1629 510 tractat.
1671 481 1750 507 non
1792 472 2089 527 (¹iffss·1›.l95)¹³

230 537 415 574 rentiam.
441 538 444 581 Ι
471 537 528 572 De
548 546 628 581 quo
651 535 885 580 quaestio
907 537 981 571 est.
1027 535 1187 581 Quippe
1209 536 1366 572 eisdem
1388 537 1525 572 causis
1548 537 1785 573 differentia
1806 540 1902 573 ante
1932 542 1954 573 r.
1983 542 2036 573 σι’

228 602 410 648 speciem
441 602 658 638 tractanda
686 601 860 640 videtur.
888 601 1038 646 quibus
1067 610 1199 647 genus
1227 603 1324 638 ante
1354 601 1446 641 alia.
1475 611 1565 638 cum
1597 602 1789 638 videlicet
1817 603 1907 648 ipsa

194 678 210 702 r,
230 677 396 713 quoque
418 666 653 703 differentia
676 666 788 711 prior
808 666 861 702 sit
883 666 1037 711 specie.
1060 676 1182 712 quam
1205 666 1430 707 constituit,
1453 669 1535 703 tam
1559 667 1758 713 dignitate
1781 668 1907 704 conti-

179 1004 210 1028 10

180 1330 211 1355 15

179 1662 212 1688 20

182 2316 216 2341 80

231 732 396 768 nentiae
425 741 548 776 quam
583 732 741 767 natura.
795 730 1067 766 Praeterea
1101 731 1133 766 si
1167 730 1305 766 statim
1340 730 1618 767 differentiam
1654 734 1747 776 post
1774 742 1907 777 genus

229 799 476 835 assumeret.
489 796 675 833 ordinem
694 795 894 841 propositi
917 795 979 831 sui
1002 798 1319 841 exsequeretur.
1336 796 1402 841 qui
1419 796 1477 832 ait
1497 796 1688 841 superius
1705 799 1733 831 ¹:
1763 797 1906 834 „Nosse

230 863 325 908 quid
341 863 395 899 sit
408 872 541 909 genus
558 864 599 898 et
614 861 709 907 quid
727 861 986 897 differentia:
1016 860 1146 902 Quem
1165 861 1290 898 etiam
1312 861 1500 898 ordinem
1517 862 1606 907 ipse
1628 862 1668 898 in
1691 861 1908 898 Commu-

230 928 478 965 nitatibus
493 931 508 953 ·-’
529 929 683 966 servat.
705 936 796 963 cum
813 927 970 963 scilicet
986 927 1098 972 prius
1119 927 1288 973 generis
1311 927 1363 963 ad
1385 927 1663 964 differentiam
1685 928 1908 964 communi—

230 996 338 1030 tates
366 995 408 1030 et
435 992 713 1039 proprietates
740 992 938 1038 assignat,
966 1001 1089 1038 quam
1118 992 1286 1039 generis
1315 993 1367 1029 ad
1396 993 1592 1038 speciem.

372 1058 454 1095 Sed
482 1058 707 1097 sciendum,
735 1058 845 1103 quod
873 1067 965 1094 cum
993 1067 1127 1104 genus
1156 1060 1197 1094 et
1223 1058 1389 1103 species
1411 1058 1588 1094 relativa
1608 1059 1700 1096 sint,
1730 1059 1786 1095 ita
1813 1062 1909 1095 sunt

231 1125 475 1162 naturaliter
501 1124 707 1163 adiuncta.
735 1125 779 1160 ut
806 1125 847 1160 et
874 1133 992 1159 suam
1021 1123 1353 1168 permanentiam
1381 1124 1432 1160 ab
1467 1124 1644 1161 invicem
1680 1124 1833 1160 ducant
1869 1127 1909 1160 et

229 1199 345 1226 suam
369 1189 662 1235 cognitionem.
714 1188 833 1224 Unde
855 1188 1164 1224 Aristoteles
1190 1188 1230 1224 in
1259 1188 1327 1224 Ad
1350 1188 1566 1234 aliquid-‘¹
1587 1189 1719 1229 docet,
1742 1189 1851 1234 quod
1874 1189 1909 1225 si

231 1255 322 1301 quis
350 1254 514 1291 noverit
541 1263 663 1290 unum
693 1253 910 1290 relativum
939 1253 1122 1291 definite,
1157 1255 1197 1289 et
1232 1253 1418 1289 alterum.
1471 1253 1589 1290 Unde
1625 1254 1783 1293 merito,
1817 1264 1908 1290 cum

232 1321 289 1358 ita
315 1321 396 1357 sint
422 1320 618 1356 adiuncta
646 1319 890 1356 naturaliter
911 1319 1098 1359 relativa.
1127 1321 1167 1355 et
1187 1320 1388 1355 tractatus
1410 1329 1552 1355 eorum
1576 1319 1784 1356 coniuncti
1803 1322 1909 1361 sunt,

232 1386 414 1432 alioquin
442 1386 576 1422 minus
604 1394 737 1432 genus
765 1385 1103 1431 cognosceretur.
1139 1385 1248 1430 quod
1276 1394 1350 1430 per
1377 1385 1560 1430 speciem
1591 1385 1803 1421 definitum
1835 1387 1910 1426 est.

233 1452 266 1489 si
294 1451 490 1488 videlicet
517 1451 674 1496 speciei
700 1452 902 1487 tractatus
929 1449 1176 1486 differretur.

375 1516 457 1553 Sed
479 1516 544 1552 hic
566 1525 732 1561 quoque
755 1515 887 1551 maior
914 1515 1092 1551 occurrit
1119 1515 1371 1560 quaestio,
1399 1515 1607 1561 quomodo
1637 1515 1795 1552 scilicet
1827 1526 1910 1552 non

233 1582 285 1619 sit
311 1582 466 1628 speciei
494 1582 696 1618 tractatus
733 1580 980 1626 superfluus,
1019 1590 1141 1626 quam
1179 1580 1367 1626 primitus
1404 1581 1585 1626 oportuit
1622 1581 1830 1627 cognosci.
1869 1584 1912 1618 ut

233 1658 309 1694 per
335 1657 426 1684 eam
455 1657 586 1694 genus
615 1646 868 1683 definiretur.
922 1646 1108 1692 Ignotum
1137 1646 1247 1682 enim
1275 1655 1351 1691 per
1371 1646 1556 1693 ignotum
1578 1646 1800 1683 certificari
1827 1657 1909 1683 non

233 1715 382 1760 potest.
411 1713 486 1750 sed
508 1722 796 1759 quaecumque
818 1711 962 1758 [quod]
984 1712 1037 1748 ad
1058 1711 1246 1748 notitiam
1268 1711 1438 1749 alterius
1460 1712 1702 1753 afferuntur,
1731 1712 1912 1749 certiora

234 1780 437 1816 videntur.
490 1778 608 1815 Unde
636 1778 716 1814 iam
744 1777 921 1814 relativa
947 1786 1022 1822 per
1049 1786 1095 1813 se
1122 1786 1205 1813 non
1234 1777 1428 1814 videntur
1454 1787 1581 1823 posse
1610 1777 1785 1815 definiri.
1814 1787 1912 1823 quo—

234 1854 322 1882 rum
366 1845 525 1881 scilicet
570 1843 717 1880 notitia
755 1852 920 1888 quoque
965 1843 1016 1879 ab
1055 1843 1234 1879 invicem
1274 1843 1439 1888 pendet.
1492 1842 1673 1888 Ideoque
1714 1843 1910 1889 quamdiu

234 1920 359 1948 unum
387 1910 612 1957 ignoratur.
641 1910 683 1946 et
709 1909 895 1945 alterum.

379 1976 440 2012 Ad
469 1975 577 2021 quod
606 1975 968 2020 respondemus
996 1983 1078 2010 non
1100 1983 1280 2010 necesse
1303 1983 1409 2015 esse,
1432 1977 1474 2010 ut
1495 1984 1547 2010 ea
1568 1984 1675 2020 quae
1692 1974 1773 2010 alia
1794 1975 1912 2011 certi-

234 2042 372 2083 ficant,
400 2041 540 2087 priora
567 2041 648 2077 sint
675 2039 925 2087 cognitione.
977 2039 1098 2076 Plura
1126 2048 1305 2084 namque
1340 2039 1396 2076 ita
1431 2039 1551 2076 simul
1587 2040 1783 2086 cognosci
1820 2050 1912 2085 pos—

235 2108 341 2147 sunt,
370 2107 412 2142 ut
439 2108 579 2142 tamen
607 2104 728 2141 unius
754 2104 901 2141 notitia
921 2114 997 2150 per
1017 2104 1192 2140 alterum
1214 2103 1428 2140 consistat.
1478 2103 1530 2140 Ut
1551 2103 1587 2140 si
1608 2104 1728 2140 alicui
1752 2106 1911 2149 patrem

235 2171 442 2219 ignoranti
464 2171 529 2207 vel
550 2170 690 2211 filium,
713 2170 1044 2207 demonstrarem
1067 2171 1284 2215 utrumque
1307 2179 1382 2215 per
1395 2169 1570 2206 alterum
1586 2169 1730 2206 dicens
1752 2172 1911 2215 patrem

235 2246 344 2277 esse,
372 2237 441 2282 qui
468 2236 647 2273 refertur
665 2235 717 2272 ad
744 2235 884 2276 filium,
912 2235 1040 2271 filium
1063 2235 1132 2280 qui
1160 2235 1212 2272 ad
1240 2236 1413 2280 patrem,
1443 2234 1562 2271 simul
1591 2237 1810 2281 utrumque
1839 2245 1914 2281 per

237 2303 410 2340 alterum
444 2302 642 2342 certifico,
677 2302 771 2338 dum
799 2301 907 2337 hunc
935 2301 986 2337 ad
1019 2301 1148 2337 filium
1181 2310 1227 2337 se
1265 2301 1421 2337 habere
1458 2302 1499 2336 et
1534 2300 1645 2337 illum
1681 2310 1825 2337 rursus
1860 2301 1911 2337 ad

237 2368 358 2404 istum
388 2366 575 2407 ostendo,
603 2365 784 2411 alioquin
814 2365 925 2402 nulla
951 2365 1072 2401 fieret
1099 2365 1368 2401 relativorum
1396 2364 1589 2411 cognitio.
1642 2364 1912 2401 Boethius¹

237 2440 403 2476 quoque
431 2439 557 2476 super
584 2429 871 2466 definitionem
899 2429 1110 2474 qualitatis
1138 2429 1261 2465 docet
1293 2438 1375 2465 non
1411 2437 1508 2465 esse
1542 2428 1845 2465 inconveniens
1873 2428 1912 2464 in

238 2496 469 2532 huiusmodi
485 2495 836 2541 descriptionibus
857 2494 1100 2531 definientia
1121 2503 1201 2530 non
1226 2502 1322 2530 esse
1344 2494 1525 2530 certiora
1547 2493 1729 2530 definito.
1771 2493 1912 2538 ltaque

238 2570 320 2598 non
348 2561 694 2598 inconvenienter
720 2570 853 2607 genus
881 2569 956 2605 per
983 2560 1167 2605 speciem
1196 2559 1391 2596 definitur
1418 2568 1495 2595 nec
1517 2559 1734 2604 superfluit
1756 2558 1913 2604 speciei

239 2629 451 2664 tractatus.
488 2627 584 2672 quia
612 2626 691 2663 etsi
718 2635 896 2662 necesse
931 2627 1021 2662 erat
1048 2625 1231 2670 speciem
1254 2624 1452 2671 cognosci
1473 2625 1513 2660 in
1536 2634 1586 2661 eo
1609 2625 1718 2669 quod
1748 2624 1914 2669 species

239 2694 302 2728 est
334 2694 375 2728 et
411 2692 462 2728 ad
497 2701 629 2738 genus
664 2692 853 2731 refertur.
895 2693 937 2727 ut
976 2700 1051 2736 per
1090 2700 1182 2727 eam
1223 2699 1356 2737 genus
1395 2692 1734 2736 cognosceretur,
1774 2690 1914 2735 plures

240 2759 379 2794 tamen
402 2758 594 2802 poterant
619 2756 803 2803 ignorari
831 2756 1110 2802 proprietates
1133 2756 1367 2801 specierum
1395 2765 1499 2801 quas
1533 2755 1599 2791 liic
1626 2755 1758 2796 docet,
1787 2754 1913 2791 veluti

386 2905 397 2935 1
424 2903 617 2935 Tractatus
639 2903 683 2935 de
704 2903 830 2943 specie
853 2902 987 2935 addidi
1007 2903 1049 2935 cr.
1072 2910 1194 2943 snpra
1217 2911 1250 2942 p.
1268 2902 1310 2934 32
1326 2900 1354 2922 ¹³
1434 2901 1453 2932 2
1481 2901 1627 2941 species
1642 2900 1672 2932 A
1749 2901 1768 2933 9
1797 2898 1914 2948 prius]

241 2963 382 3004 aptrius
409 2962 438 2995 A
538 2961 644 2994 25-26
672 2961 922 2995 certificantur
948 2961 977 2994 A
1077 2962 1120 2994 37
1149 2961 1320 3002 ignorare
1347 2959 1376 2992 A
1429 2969 1502 3000 qua
1528 2959 1554 2991 Α

385 3038 395 3061 ¹
424 3039 584 3077 Boetir,
614 3038 657 3071 In
686 3038 823 3080 Porph.
851 3039 907 3071 ed.
936 3039 973 3077 ll,
1002 3048 1034 3079 p.
1067 3039 1131 3071 147
1146 3036 1170 3070 7.
1293 3037 1307 3059 2
1335 3037 1495 3073 Boeth.,
1525 3037 1545 3069 l.
1575 3046 1613 3074 c..
1643 3045 1676 3078 p.
1705 3035 1811 3070 291⁴.

384 3098 397 3117 '⁴
426 3099 480 3130 130
493 3098 588 3136 etii„
616 3097 661 3130 In
683 3098 806 3137 Catey.
827 3097 940 3130 Arist.
964 3098 1019 3130 PL
1046 3097 1100 3133 64.
1130 3107 1163 3138 p.
1193 3097 1313 3129 2:37A.
1419 3096 1430 3116 ⁴
1459 3096 1619 3133 Boeth„
1642 3096 1664 3128 1.
1687 3105 1725 3132 c..
1749 3105 1781 3137 p.
1797 3096 1863 3128 240
1877 3095 1913 3128 C.
