2200 3387
321 249 387 283 228
719 249 826 281 Peter
851 248 1056 280 Abaelards
1083 247 1219 288 Logica
1244 244 1570 288 ,Ingredientibus‘.

320 347 598 392 cogitatioque
632 345 929 391 permanserit:
981 344 1230 381 After-tiones
1254 352 1362 379 vero.
1413 342 1637 388 Postquam
1673 341 1854 378 ostendit
1891 351 1983 387 pro·

321 411 536 456 prietatem
565 410 739 449 babitus,
778 409 818 444 in
856 418 906 445 eo
942 408 1100 444 scilicet
1139 407 1248 452 quod
1285 405 1452 442 difficile
1489 405 1651 442 mobilis
1687 406 1760 447 est,
1795 404 1984 450 assignat

321 475 617 520 proprietatem
645 473 891 512 affectionis,
920 473 959 509 id
987 474 1050 508 est
1076 471 1375 516 dispositionis,
1411 470 1453 506 in
1490 480 1541 507 eo
1578 470 1737 506 scilicet
1773 470 1884 515 quod
1920 470 1984 505 est

322 540 442 576 facile
470 539 644 575 mobilis.
697 539 744 573 Et
771 538 852 573 cito
877 537 1191 582 permutabilis.
1243 535 1456 581 Expositio
1491 536 1555 571 est
1580 534 1741 580 prioris.
1792 535 1986 571 Asticitur

321 605 447 641 enz'm.
500 604 609 640 Vere
637 603 717 639 ista
750 604 844 639 sunt
872 601 1180 647 dispositiones,
1217 601 1314 646 quia
1348 600 1520 636 veniunt
1555 609 1630 645 per
1665 599 1984 645 applicationem
2004 606 2020 632 5

322 669 496 705 subiecti
534 670 573 704 et
609 668 729 704 facile
766 668 953 712 pereunt.
1004 666 1039 702 A
1078 665 1370 710 descriptione.
1423 664 1541 705 Quod
1577 665 1717 701 autem
1751 673 1826 710 per
1860 663 1986 709 appli-

322 734 528 770 cationem
551 733 733 773 veniunt,
761 732 985 777 praemittit
1005 731 1076 767 ibi:
1103 731 1299 767 Arnettuxr
1317 730 1446 773 enim,
1466 729 1505 765 id
1527 730 1592 765 est
1612 729 1841 775 applicatur
1861 728 1984 765 homo

322 800 373 836 ad
402 798 710 844 suscipiendum
738 798 828 833 ista.
881 796 999 838 Quod
1026 806 1127 832 vero
1154 795 1274 832 facile
1303 795 1598 840 permutentur,
1626 794 1761 830 subdit
1786 793 1858 830 ibi:
1895 793 1986 830 Cito

321 866 478 905 aulem,
504 864 583 899 nisi
609 863 715 899 forte
741 863 783 898 in
810 862 1057 907 quibusdam
1084 860 1326 897 inveteratis
1353 869 1428 905 per
1448 859 1749 906 longitudinem
1775 858 1986 904 temporis,

322 939 429 974 quae
457 938 547 964 cum
576 928 689 973 prius
717 927 1011 972 dispositiones
1038 926 1217 962 fuissent
1244 927 1285 962 et
1305 925 1425 962 facile
1449 924 1601 970 expelli
1621 925 1809 970 possent,
1836 925 1986 969 postea
2007 931 2042 957 10

322 995 378 1030 ita
404 994 594 1030 firmatae
632 995 737 1033 sunt,
774 994 817 1028 ut
854 993 893 1028 in
930 993 1120 1028 naturam
1157 991 1332 1027 subiecti
1368 990 1681 1031 transferantur,
1716 989 1796 1025 hoc
1832 989 1897 1025 est
1931 989 1989 1025 ita

322 1060 403 1095 iam
449 1059 530 1095 sint
574 1058 817 1097 immobiles,
858 1057 978 1102 quasi
1014 1056 1292 1093 immutabiles
1333 1055 1562 1101 qualitates.
1630 1055 1677 1091 Ut
1715 1054 1987 1091 insanabilis.

324 1125 591 1164 Determinat,
621 1123 796 1169 qualiter
821 1122 1038 1159 transferri
1056 1122 1097 1158 in
1119 1123 1307 1158 naturam
1328 1121 1516 1166 accipiat,
1538 1121 1736 1166 quantum
1756 1120 1809 1156 ad
1829 1128 1988 1164 perma-

324 1190 505 1226 nentiam
531 1189 698 1229 scilicet,
727 1188 835 1233 quod
864 1197 948 1224 non
968 1187 1090 1223 facile
1111 1187 1245 1232 possit
1271 1185 1434 1231 expelli,
1463 1195 1511 1222 ac
1539 1185 1573 1222 si
1600 1185 1779 1221 diceret:
1811 1184 1870 1221 ita
1896 1184 1987 1221 dico

323 1254 535 1291 transferri
562 1254 602 1290 in
631 1255 831 1293 naturam,
864 1254 907 1289 ut
934 1252 1121 1293 affectus,
1158 1252 1237 1288 hoc
1274 1252 1338 1287 est
1365 1250 1540 1296 qualitas
1575 1249 1715 1296 [quae]
1751 1259 1827 1295 per
1861 1249 2041 1295 appii-1⁵

324 1320 531 1356 cationem
559 1319 744 1360 veniens,
773 1319 853 1355 iam
882 1318 1036 1354 existat
1061 1316 1305 1353 insanabilis
1327 1317 1525 1361 quantum
1543 1315 1596 1352 ad
1617 1315 1901 1351 infirmitatem
1920 1315 1989 1351 vel

325 1385 491 1421 difficile
519 1385 679 1421 mobilis
702 1385 898 1429 quantum
920 1383 972 1420 ad
994 1384 1158 1419 ceteras
1179 1382 1412 1428 qualitates,
1434 1390 1557 1427 quem
1578 1381 1660 1417 iam
1680 1380 1774 1417 ideo
1796 1380 1991 1426 quislibet

325 1460 478 1486 vocare
506 1450 638 1495 possit
665 1449 859 1486 habitum.

467 1515 743 1551 Manifestum
771 1516 827 1550 est
856 1516 1011 1550 autem.
1063 1513 1177 1549 Bene
1216 1513 1318 1554 dico,
1357 1512 1467 1557 quod
1503 1511 1670 1548 affectio
1709 1511 1912 1547 translata
1948 1511 1990 1547 in

329 1584 519 1617 naturam
552 1582 726 1616 vocatur
752 1579 927 1620 habitus,
966 1579 1063 1623 quia
1096 1578 1155 1614 sic
1182 1578 1319 1623 placet
1345 1576 1536 1613 discretis
1564 1576 1675 1612 viris.
1725 1575 1773 1612 Et
1804 1576 1883 1612 hoc
1910 1577 1989 1612 est:
2009 1579 2045 1604 20

329 1647 599 1682 manifestum
639 1648 696 1681 est
730 1647 805 1681 etc.
858 1645 933 1681 Vel
960 1654 984 1680 a
1019 1645 1105 1680 toto
1135 1643 1195 1679 sic
1234 1642 1424 1684 ostendit,
1465 1641 1562 1687 quid
1596 1641 1648 1678 sit
1679 1641 1855 1683 habitus,
1895 1641 1991 1686 quia

326 1711 465 1747 omnia
492 1711 747 1747 diuturniora
775 1711 850 1746 etc.
902 1709 1106 1750 Namque.
1157 1708 1267 1744 Vere
1304 1707 1551 1744 affectiones
1587 1707 1802 1743 diuturnas
1837 1707 1992 1743 vocant

326 1777 500 1817 habitus,
529 1776 625 1820 quia
653 1775 756 1811 alias
778 1785 872 1810 non.
917 1775 980 1810 Ab
1001 1773 1261 1810 immediatis.
1313 1773 1360 1809 Et
1380 1773 1459 1809 hoc
1480 1774 1545 1809 est
1565 1772 1675 1817 quod
1696 1772 1769 1808 ait:
1790 1772 1994 1808 dicuntur

325 1842 514 1878 homines
552 1851 639 1876 non
677 1841 864 1877 multum
902 1840 1129 1876 retinentes
1160 1839 1207 1875 in
1243 1838 1499 1882 discipliniS,
1537 1838 1617 1874 hoc
1652 1838 1718 1873 est
1753 1847 1836 1874 non
1871 1836 1991 1873 firme

326 1907 527 1943 habentes
548 1906 757 1945 scientias,
785 1915 868 1941 non
895 1905 1050 1940 habere
1077 1903 1242 1940 habitus
1268 1912 1344 1948 per
1369 1902 1459 1939 illas
1481 1902 1686 1944 scientias,
1713 1912 1762 1938 ac
1781 1902 1817 1938 si
1836 1902 1993 1939 diceret
2012 1902 2046 1928 2⁵

326 1973 416 2008 illas
444 1971 642 2008 scientias
671 1980 753 2006 non
781 1979 878 2006 esse
905 1969 1070 2005 habitus
1097 1968 1138 2004 in
1167 1968 1246 2004 eis:
1275 1968 1474 2009 quamvis
1498 1968 1584 2004 sint
1612 1967 1823 2012 dispositi,
1858 1966 1900 2003 id
1927 1968 1992 2003 est

327 2037 521 2082 applicati
548 2045 622 2081 per
649 2036 827 2071 studium
849 2034 949 2077 <ad>
976 2034 1193 2070 habendas
1216 2033 1425 2074 scientias
1453 2032 1616 2078 quidam
1639 2032 1798 2074 melius,
1826 2032 1992 2078 quidam

327 2101 456 2146 peius.
510 2101 651 2143 Quare
678 2100 827 2135 differt.
880 2098 987 2134 Data
1015 2097 1251 2134 differentia
1276 2097 1384 2133 inter
1410 2096 1594 2133 habitum
1615 2097 1656 2132 et
1677 2095 1992 2141 dispositionem

328 2166 437 2211 quod
464 2167 568 2201 haec
595 2175 678 2201 non
704 2164 825 2200 facile
853 2163 1014 2200 mobilis
1043 2164 1116 2204 est,
1153 2162 1222 2198 illa
1247 2162 1380 2203 facile,
1408 2162 1505 2206 quia
1530 2161 1583 2197 ad
1609 2161 1719 2197 aliud
1745 2160 1992 2197 transiturus

328 2233 427 2272 erat,
455 2232 624 2267 brevem
651 2230 750 2266 facit
783 2229 1093 2265 conclusionem
1126 2237 1151 2263 a
1184 2228 1302 2272 parte
1337 2227 1413 2262 sic:
1453 2226 1550 2271 quia
1588 2226 1630 2262 in
1668 2226 1747 2262 hoc
1785 2225 1991 2267 differunt,
2012 2232 2047 2257 30

329 2305 427 2341 ergo
457 2295 662 2334 differunt,
685 2296 725 2329 et
745 2294 785 2329 in
802 2303 895 2338 quo,
918 2292 1112 2337 supponit
1126 2292 1274 2328 iterum
1295 2291 1488 2332 breviter,
1510 2290 1606 2335 quia
1627 2289 1800 2326 confuse
1819 2289 1992 2326 dixerat.

469 2361 575 2396 Sunt
603 2361 757 2395 autem.
811 2358 916 2398 Quia
944 2357 1117 2393 dederat
1143 2356 1333 2402 superius
1362 2355 1638 2392 differentiam
1671 2355 1781 2391 inter
1810 2354 1994 2391 habitum

331 2428 371 2462 et
398 2425 723 2471 dispositionem.
751 2433 803 2460 ne
832 2423 954 2459 alicui
981 2423 1077 2458 inde
1104 2422 1326 2462 videretur,
1355 2420 1464 2466 quod
1491 2420 1626 2456 nullus
1646 2419 1810 2456 habitus
1831 2419 1995 2456 veniret

330 2501 405 2536 per
432 2490 757 2535 dispositionem,
784 2489 823 2524 id
852 2490 917 2524 est
943 2487 1276 2533 applicationem,
1309 2488 1380 2522 aut
1406 2485 1516 2531 quod
1543 2485 1653 2521 nullo
1679 2485 1803 2521 modo
1830 2484 1994 2520 habitus

330 2557 472 2601 posset
504 2555 582 2591 dici
620 2554 847 2599 dispositio,
884 2553 978 2589 ideo
1015 2553 1122 2588 hanc
1161 2552 1350 2588 removet
1382 2551 1621 2596 opinionem
1661 2549 1804 2586 dicens
1844 2557 1990 2586 omnes
2011 2555 2047 2581 35

331 2621 492 2656 habitus
519 2630 614 2655 esse
644 2618 951 2664 dispositiones,
986 2617 1026 2653 id
1064 2618 1126 2653 est
1158 2616 1303 2652 venire
1340 2625 1415 2661 per
1451 2615 1781 2661 applicationem.
1834 2613 1994 2659 Quippe

332 2685 582 2730 ,disposition
610 2685 688 2720 hoc
715 2693 878 2723 nomen,
912 2683 953 2718 in
980 2683 1059 2718 hac
1085 2681 1329 2726 acceptione
1363 2681 1607 2717 tantundem
1633 2680 1831 2725 quantum
1862 2679 1996 2725 prima

334 2750 521 2787 maneria
565 2749 773 2794 qualitatis
813 2748 971 2789 (valet)
1013 2749 1052 2783 et
1092 2746 1277 2783 contInet
1314 2747 1397 2782 tam
1450 2745 1635 2781 habitum
1686 2753 1810 2789 quam
1861 2744 1995 2789 dispo-

333 2816 524 2851 sitionem
552 2815 692 2851 stricte
721 2817 946 2859 acceptam.
998 2813 1079 2849 Sed
1107 2814 1246 2848 tamen
1273 2811 1437 2847 habitus
1464 2820 1547 2846 non
1574 2811 1668 2846 sunt
1689 2809 1995 2855 dispositiones,

332 2880 369 2915 id
399 2881 463 2915 est
489 2889 564 2924 per
590 2879 909 2924 applicationem
936 2877 1167 2913 venientes.
1220 2875 1339 2916 Quod
1366 2875 1422 2911 ait
1450 2874 1609 2916 ,etiam‘,
1637 2874 1689 2910 ad
1715 2874 1795 2910 hoc
1814 2872 1993 2919 respicit,
2014 2883 2049 2908 40

163 1495 297 1530 Boetli.

138 1542 252 1586 pen-2
269 1543 298 1576 l)

168 2342 299 2377 Boetll.

143 2401 175 2433 p.
188 2390 259 2424 2423
271 2390 300 2424 B

477 3008 516 3039 12
533 3004 791 3045 immutabiles]
807 3006 1033 3038 innaturales
1048 3005 1077 3037 A
1131 3005 1172 3036 15
1190 3012 1285 3044 quae
1301 3003 1502 3035 delendum
1517 3010 1595 3035 esse
1609 3001 1758 3034 videtur
1814 3001 1852 3033 21
1873 3001 1996 3034 osten-

334 3067 383 3098 dit
408 3067 436 3098 A
561 3066 603 3098 23
626 3066 792 3097 dicuntur
812 3065 938 3097 Boeth.
962 3064 1085 3096 dicunt
1105 3063 1135 3095 A
1233 3063 1276 3095 27
1298 3062 1343 3095 ad
1365 3058 1501 3094 addidi
1521 3070 1563 3094 ez
1582 3061 1710 3094 Boeth.
1807 3057 1852 3093 38
1873 3059 1995 3100 dispo-

333 3124 431 3163 sitio]
459 3125 627 3156 diffinitio
657 3125 697 3157 Α.
