2200 3387
733 188 760 218 1.
790 185 855 217 Die
883 185 1038 217 (ilossen
1068 193 1110 215 zu
1141 184 1371 224 Porphyrius.
1838 180 1877 215 :31

208 282 500 328 praedicabilis
528 282 579 319 de
609 282 805 328 pluribus.
833 282 940 318 sicut
966 281 1054 326 ipse
1083 281 1304 324 diligenter
1326 281 1459 326 aperit
1488 283 1527 317 et
1559 291 1634 316 nos
1667 280 1880 326 superius¹

208 347 584 393 comprobavimus.
637 347 755 388 Quod
794 357 894 383 vero
936 356 1015 382 una
1059 356 1126 382 res
1168 346 1417 381 universalis
1447 356 1526 381 non
1556 346 1609 381 sit
1636 348 1760 390 atque
1789 346 1883 382 ideo

210 423 287 449 nec
308 422 440 458 genus
466 422 543 449 nec
561 412 738 457 species.
759 412 888 457 primo
911 411 1131 448 confirmat
1153 411 1341 446 dicens-'1
1370 412 1501 446 Omne
1525 411 1631 455 quod
1658 420 1778 446 unum
1809 414 1883 447 est.

206 486 330 513 unum
354 485 526 512 numero
549 478 623 512 est.
653 476 688 512 id
711 479 774 512 est
800 475 1022 512 discretum
1053 475 1089 510 in
1123 474 1289 519 propria
1316 475 1525 515 essentiam
1561 474 1634 510 sed
1664 484 1822 518 genera
1844 478 1884 510 et

171 551 187 574 ι’»
209 541 376 585 species
405 551 512 587 quae
541 541 776 577 communia
803 540 988 586 pluribus
1017 550 1113 577 esse
1136 542 1312 584 oportet.
1341 549 1463 576 unum
1495 549 1667 575 numero
1690 550 1882 575 essenon

153 1527 188 1553 ‘20

156 2183 190 2210 30

209 609 381 651 possunt
418 608 544 651 atque
582 606 636 641 ita
666 614 742 641 nec
770 614 906 641 unum.
959 604 1040 641 Sed
1069 604 1166 649 quia
1193 603 1342 649 aliquis
1377 607 1522 640 contra
1556 604 1881 648 assumptionem

207 671 347 707 dicere
376 674 531 716 posset.
559 671 666 716 quod
698 671 778 706 sint
806 670 887 706 tale
917 679 1038 706 unum
1069 679 1242 706 numero
1272 670 1380 714 quod
1410 669 1461 705 sit
1495 678 1724 705 commune.
1749 669 1826 705 hoc
1848 670 1882 704 ei

208 736 420 782 diffugium
447 736 583 772 aufert
605 736 792 772 dicens³2
821 744 943 771 omne
967 745 1090 771 unum
1115 744 1286 771 numero
1309 744 1528 770 commune
1557 737 1627 770 aut
1649 744 1723 779 per
1744 737 1884 779 partes

208 811 426 838 commune
440 811 535 838 esse
551 803 621 838 aut
638 810 712 846 per
724 801 1037 837 successionem
1055 803 1286 846 temporum
1305 802 1434 836 totum
1447 802 1516 836 aut
1533 800 1680 836 eodem
1696 802 1884 845 tempore

171 880 187 897 «ι
209 867 350 905 totum.
387 866 461 901 sed
502 865 568 902 ita.
606 865 715 910 quod
751 875 832 901 non
874 865 1100 901 constituat
1142 874 1285 900 eorum
1327 864 1593 900 substantias.
1631 864 1780 909 quibus
1822 866 1885 900 est

207 939 438 967 commune.
491 930 605 971 Quos
653 940 799 967 omnes
834 931 979 966 modos
1020 930 1328 966 communitatis
1369 923 1518 965 statim⁴
1547 931 1629 965 tam
1667 939 1691 965 a
1728 938 1885 975 genere
1946 946 1958 949 ··

1358 976 1480 989 z--rl‘
1501 981 1506 984 ·

207 1005 330 1042 quam
360 1006 385 1032 a
412 997 556 1041 specie
587 998 776 1032 removet
809 996 954 1032 dicens
983 1005 1034 1031 ea
1062 996 1198 1041 potius
1226 995 1283 1031 ita
1316 995 1627 1031 communicari.
1668 998 1710 1030 ut
1738 995 1884 1031 eodem

207 1062 394 1106 tempore
416 1063 503 1097 tota
525 1060 607 1097 sint
628 1060 667 1096 in
684 1060 857 1106 singulis
879 1062 919 1096 et
942 1070 1084 1096 eorum
1108 1060 1383 1096 substantiam
1407 1059 1671 1095 constituant.
1725 1059 1886 1104 Quippe

208 1125 463 1161 universalia
490 1125 659 1161 nomina
689 1134 769 1160 non
803 1134 878 1170 per
909 1126 1050 1169 partes
1073 1134 1097 1160 a
1119 1124 1309 1160 diversis.
1338 1133 1445 1169 quae
1468 1123 1694 1160 nominant.
1723 1122 1887 1168 partici-

172 1202 187 1225 r.
209 1192 370 1236 pantur.
407 1191 482 1226 sed
510 1192 596 1227 tota
624 1192 664 1226 et
692 1190 854 1236 integra
882 1190 1135 1236 singulorum
1165 1192 1260 1225 sunt
1297 1189 1444 1225 eodem
1482 1191 1670 1234 tempore
1705 1188 1884 1224 nomina.

209 1254 475 1292 Substantias
521 1265 687 1301 quoque
733 1265 876 1292 eorum
918 1255 1067 1301 quibus
1104 1255 1340 1292 communia
1379 1257 1474 1291 sunt
1508 1255 1764 1291 constituere
1807 1253 1887 1290 dici

209 1323 381 1367 possunt
408 1322 472 1358 vel
503 1321 541 1358 in
571 1331 621 1358 eo
643 1322 752 1366 quod
782 1331 856 1366 per
883 1321 1198 1357 translationem
1227 1320 1464 1367 significant
1492 1330 1560 1356 res
1582 1320 1886 1356 constituentes

209 1386 326 1425 alias.
354 1389 397 1423 ut
424 1387 575 1423 animal
603 1387 797 1432 quiddam
821 1387 1007 1423 nominat
1029 1386 1068 1422 in
1092 1396 1199 1432 equo
1222 1386 1287 1422 vel
1311 1386 1349 1422 in
1373 1385 1551 1422 homine.
1581 1386 1689 1430 quod
1712 1384 1887 1421 materia

209 1453 273 1486 est
294 1459 437 1487 eorum
460 1452 525 1488 vel
548 1451 670 1487 etiam
695 1451 933 1488 inferiorum
958 1451 1180 1489 hominum.
1209 1451 1274 1486 vel
1304 1450 1342 1486 in
1372 1459 1422 1486 eo
1445 1449 1588 1496 [quod]
1611 1449 1885 1486 substantiam

208 1516 418 1553 conficere
447 1517 649 1555 dicuntur.
678 1517 786 1562 quod
818 1516 1125 1562 quodammodo
1159 1517 1199 1552 in
1241 1526 1384 1552 eorum
1425 1515 1672 1552 sententiam
1702 1515 1886 1553 veniunt.

207 1582 317 1619 unde
351 1582 641 1619 substantialia
679 1583 739 1618 eis
780 1582 980 1620 dicuntur.
1020 1582 1172 1627 quippe
1209 1582 1332 1618 homo
1374 1583 1502 1617 totum
1537 1581 1576 1617 id
1616 1582 1743 1618 notat.
1778 1580 1886 1625 quod

207 1648 361 1684 animal
388 1650 429 1684 et
455 1648 659 1684 rationale
682 1650 723 1684 et
749 1648 936 1684 mortale.

353 1713 573 1758 Postquam
611 1715 749 1749 autem
785 1713 1030 1753 Boethius
1069 1713 1120 1749 de
1149 1722 1194 1749 re
1222 1722 1304 1749 una
1345 1712 1538 1750 ostendit.
1579 1712 1688 1757 quod
1725 1721 1807 1748 non
1836 1711 1888 1747 sit

211 1779 472 1815 universalis.
488 1779 733 1824 comprobat
754 1779 805 1814 de
827 1778 1050 1824 multiplici.
1074 1778 1302 1814 ostendens
1319 1778 1477 1814 scilicet
1492 1786 1569 1814 nec
1585 1777 1884 1813 multitudinem

178 1853 189 1875 ·.
211 1843 482 1879 discretarum
505 1852 642 1879 rerum
665 1843 850 1888 speciem
871 1845 942 1878 aut
961 1852 1095 1887 genus
1118 1851 1214 1878 esse
1238 1844 1278 1878 et
1299 1842 1406 1878 illam
1425 1841 1600 1878 destruit
1622 1841 1886 1878 sententiam.

209 1918 291 1954 qua
317 1911 461 1954 posset
487 1908 636 1953 aliquis
664 1908 804 1944 dicere
833 1917 979 1944 omnes
1007 1908 1264 1944 substantias
1292 1907 1411 1943 simul
1439 1907 1637 1943 collectas
1666 1916 1763 1944 esse
1791 1906 1886 1942 illud

210 1983 343 2020 genus
385 1974 638 2013 ,substantia
675 1976 715 2010 et
743 1983 890 2009 omnes
919 1973 1109 2009 homines
1137 1973 1318 2018 speciem
1349 1973 1470 2011 illam,
1513 1982 1620 2018 quae
1659 1972 1783 2008 homo
1812 1974 1887 2008 est.

210 2047 259 2074 ac
286 2038 320 2074 si
346 2038 403 2074 ita
431 2038 655 2075 diceretur:
685 2038 726 2074 Si
754 2047 960 2083 ponamus
989 2047 1112 2074 omne
1140 2047 1274 2083 genus
1302 2046 1399 2073 esse
1427 2037 1727 2073 multitudinem
1750 2046 1885 2072 rerum

209 2103 546 2140 convenientium
587 2094 928 2141 substantialiter.
968 2103 1104 2139 omnis
1141 2105 1280 2139 autem
1326 2103 1420 2139 talis
1458 2102 1673 2139 multitudo
1720 2102 1888 2138 habebit

211 2169 456 2205 naturaliter
484 2169 594 2205 aliud
647 2178 774 2214 supra
816 2178 873 2205 se.
915 2171 955 2205 et
1001 2168 1098 2204 illud
1138 2177 1282 2204 rursus
1323 2168 1432 2204 aliud
1467 2167 1636 2204 habebit
1672 2177 1804 2213 usque
1835 2167 1887 2203 ad

211 2234 425 2272 infinitum.
471 2234 581 2279 quod
625 2236 688 2270 est
726 2234 1038 2270 inconveniens,
1092 2233 1234 2278 Itaque
1277 2235 1488 2270 ostensum
1530 2236 1594 2270 est
1633 2232 1888 2269 universalia

212 2300 381 2336 nomina
409 2302 606 2345 quantum
635 2300 686 2336 ad
719 2309 856 2336 rerum
885 2299 1235 2345 significationem
1271 2299 1360 2335 sive
1390 2299 1510 2335 unius
1538 2299 1627 2335 sive
1656 2298 1889 2344 multiplicis

211 2375 294 2401 non
309 2365 441 2402 videri
464 2365 730 2404 universalia.
759 2375 850 2401 cum
876 2365 1027 2401 nullam
1045 2364 1205 2400 scilicet
1225 2374 1311 2400 rem
1335 2364 1615 2400 universalem
1638 2363 1887 2410 significent.

214 2429 250 2466 id
280 2433 344 2466 est
371 2431 422 2467 de
450 2430 634 2476 pluribus
661 2430 997 2476 praedicabilem.

356 2496 563 2537 Quantum
603 2496 726 2532 etiam
769 2496 821 2531 ad
863 2495 1213 2541 significationem
1255 2495 1490 2531 intellectus
1532 2504 1583 2531 ea
1622 2504 1704 2530 non
1732 2494 1887 2530 debere

214 2560 468 2598 universalia
483 2561 562 2597 dici
584 2561 679 2597 inde
701 2561 847 2607 arguit.
870 2561 978 2606 quod
1002 2570 1095 2597 eum
1118 2561 1370 2596 intellectum
1385 2569 1537 2596 vanum
1550 2569 1647 2596 esse
1663 2559 1887 2605 sophistice

214 2625 404 2663 ostendit,
432 2635 483 2662 eo
512 2626 670 2663 scilicet
697 2626 807 2671 quod
835 2626 956 2662 aliter
983 2635 1105 2671 quam
1135 2635 1203 2662 res
1233 2625 1445 2663 subsistat.
1474 2625 1688 2662 habeatur.
1717 2634 1806 2661 cuni
1837 2624 1888 2660 sit

215 2699 289 2736 per
314 2691 653 2728 abstractionem.
705 2690 830 2727 Cuius
859 2691 1025 2736 quidem
1050 2691 1320 2736 sophismatis
1348 2691 1500 2726 nodum
1530 2692 1571 2726 et
1598 2690 1688 2735 ipse
1717 2689 1820 2725 satis
1848 2692 1887 2725 et

215 2765 292 2791 nos
319 2755 539 2801 diligenter
565 2757 777 2802 superius⁴
806 2757 1076 2792 absolvimus.
1130 2756 1241 2792 Illam
1271 2757 1407 2792 autem
1438 2756 1558 2791 aliam
1589 2757 1746 2800 partem
1769 2763 1888 2798 argu—

358 2861 377 2891 6
405 2862 532 2893 contra
553 2861 599 2899 212
620 2870 692 2892 om.
712 2861 739 2893 A
854 2862 873 2891 8
901 2861 1090 2901 diffugium
1114 2861 1161 2898 Α-,ι
1187 2860 1380 2892 diffinitum
1403 2861 1428 2892 Α
1549 2860 1589 2891 17
1612 2860 1835 2891 transionem
1858 2859 1884 2891 A

217 2917 330 2959 quod]
352 2919 496 2960 quidem
519 2920 544 2952 A
651 2921 691 2952 19
720 2920 777 2951 vel
800 2920 847 2958 Α-,ι
868 2929 940 2952 om.
968 2921 992 2952 Α
1098 2920 1140 2951 25
1169 2920 1322 2951 destruit
1350 2919 1436 2957 2121.
1464 2919 1578 2951 defuit
1606 2919 1631 2951 A
1735 2919 1777 2951 27
1805 2918 1887 2949 suli-

216 2978 387 3010 stantiam
411 2979 436 3011 A
549 2979 591 3010 29
620 2979 767 3011 habebit
795 2979 841 3017 :¹2
857 2979 881 3011 L
909 2989 980 3010 om.
1010 2980 1035 3011 Α
1140 2979 1176 3010 31
1211 2978 1287 3010 est*
1319 2978 1365 3016 A...
1382 2978 1405 3010 l,
1433 2987 1504 3010 om.
1534 2978 1560 3010 A

361 3055 369 3076 ¹
401 3064 433 3095 p.
466 3057 598 3095 lllsqq.
728 3056 742 3075 ·-’
771 3055 930 3090 lloetli..
960 3055 1042 3092 l.1·.,
1073 3065 1104 3095 p.
1138 3056 1237 3086 11322'.
1359 3055 1373 3074 ³¹
1401 3055 1559 3089 linc-tn..
1589 3054 1609 3086 Ι.
1639 3064 1678 3086 (·,.
1707 3063 1739 3094 p.
1771 3053 1886 3086 152¹st

215 3114 229 3135 ⁴
257 3122 290 3155 p.
319 3113 412 3146 25¹0.
