2200 3387
505 222 535 253 2.
565 221 629 253 ilie
657 221 812 253 Glossen
841 231 883 253 zu
912 222 980 253 (len
1011 222 1245 261 Kategorien.
1276 241 1314 244 —
1348 223 1399 255 l)e
1427 224 1640 263 quantitate.
1854 223 1919 256 1⁵55

240 319 281 353 et
305 317 344 353 in
368 317 435 353 illo
461 327 591 355 suum.
614 320 655 354 et
676 318 864 354 similiter
886 318 1052 355 mensis.
1076 318 1166 353 dies
1188 319 1298 354 circa
1321 330 1386 355 me
1410 321 1637 356 attenditur
1658 331 1732 366 per
1753 331 1919 357 sucees-

239 381 401 418 sionem
426 391 593 418 suarum
618 382 792 427 partium
822 384 862 417 et
883 382 1072 417 similiter
1092 382 1203 418 circa
1225 383 1333 418 illum
1358 393 1470 422 suus.
1494 384 1549 420 ita
1572 385 1748 429 quidem.
1771 387 1813 421 ut
1835 395 1917 421 uno

240 448 306 485 die
331 449 540 485 existente
568 450 721 485 multae
749 449 906 485 dierum
938 449 1151 485 essentiae
1174 452 1459 494 permaneant,
1482 459 1589 494 quae
1612 453 1749 486 tamen
1773 461 1918 487 omnes

239 514 467 550 secundum
496 523 619 550 unam
644 514 948 550 revolutionem
978 514 1078 549 solis
1107 514 1159 549 ab
1182 513 1342 550 oriente
1365 514 1403 549 in
1427 514 1686 550 occidentem
1710 517 1917 560 tamquam

201 585 218 609 5
239 589 321 615 una
348 580 438 615 dies
465 579 733 624 accipiuntur.
786 579 964 615 Maxime
993 579 1102 615 enim
1141 581 1332 624 tempora
1359 579 1651 625 distinguimus
1690 581 1918 617 secundum

239 644 524 680 revolutiones
558 646 599 679 et
634 653 782 679 cursus
820 643 1093 688 planetarum.
1146 643 1296 679 Nobis
1335 645 1473 680 tamen
1512 644 1799 680 necessarium
1837 654 1918 681 non

238 709 411 747 videtur.
440 711 482 745 ut
502 709 691 754 singulae
714 709 976 745 substantiae
998 718 1098 745 suos
1121 709 1303 745 habeant
1325 709 1415 745 dies
1439 709 1588 754 quibus
1611 712 1918 747 mensurentur.

240 782 317 809 nec
344 773 483 818 plures
511 773 600 809 dies
629 773 748 808 simul
776 782 871 809 esse
900 782 1116 817 ponamus.
1169 772 1312 808 Potest
1340 772 1449 809 enim
1478 783 1560 808 una
1587 773 1677 809 dies
1705 774 1778 809 toti
1800 774 1919 810 simul

239 838 403 877 mundo.
420 838 459 874 id
475 840 539 874 est
553 838 744 874 omnibus
767 837 1065 883 temporalibus
1087 837 1345 877 substantiis.
1368 838 1521 877 inesse.
1545 839 1773 874 secundum
1796 849 1918 884 quam

187 909 217 935 10
238 904 303 939 vel
331 905 441 939 totus
470 903 646 939 mundus
680 904 948 940 mensuretur
980 903 1046 939 vel
1075 903 1286 948 quaelibet
1320 903 1575 948 singularum
1604 906 1778 939 reruml.
1830 904 1919 940 Non

238 969 347 1006 enim
375 969 481 1005 sieut
512 970 676 1005 ceteras
704 978 925 1005 mensuras
960 968 1103 1004 inesse
1141 969 1307 1013 oportet
1342 969 1467 1004 rebus
1505 978 1609 1014 quas
1643 971 1920 1009 mensuratur,

237 1033 316 1069 nisi
343 1033 573 1069 secundum
600 1032 934 1078 permanentiam
960 1033 1103 1078 ipsius,
1131 1042 1395 1078 quocumque
1423 1032 1463 1068 in
1492 1033 1681 1069 subiecto
1705 1034 1918 1073 consistat,

237 1099 280 1135 ut
307 1098 342 1135 si
368 1098 569 1134 dieamus:
610 1100 777 1143 ‚quanto
806 1099 994 1143 tempore
1033 1097 1171 1143 legit‘?‘
1212 1108 1297 1143 ‚per
1324 1098 1444 1134 diem‘
1482 1099 1800 1143 respondemus.
1841 1099 1921 1135 hoe

237 1165 300 1201 est
327 1163 409 1200 diei
436 1163 610 1209 singulis
637 1164 824 1209 partibus
854 1163 1209 1209 permanentibus,
1244 1173 1322 1199 nec
1350 1164 1570 1208 quicquam
1599 1164 1651 1200 ad
1679 1174 1922 1200 mensuran-

186 1235 218 1260 15
238 1230 334 1266 dum
361 1229 520 1270 attinet,
545 1229 635 1266 sive
663 1229 754 1266 dies
783 1229 823 1265 in
852 1230 942 1275 ipsa
968 1239 1013 1266 re
1047 1229 1099 1265 sit
1126 1239 1234 1274 quae
1271 1230 1544 1266 mensuratur.
1579 1229 1668 1266 sive
1702 1230 1742 1265 in
1778 1230 1920 1271 altera,

239 1295 336 1332 dum
363 1295 403 1331 in
432 1304 476 1331 re
504 1295 619 1335 fiunt,
646 1295 895 1340 ubicumque
923 1295 998 1336 vis,
1027 1296 1314 1340 permanente.
1366 1294 1486 1330 Unde
1515 1295 1639 1331 etiam
1669 1296 1710 1331 et
1731 1297 1922 1340 tempora

238 1361 331 1406 ipsa
358 1360 586 1396 seeundum
614 1370 660 1396 se
688 1360 780 1405 ipsa
807 1370 1110 1398 mensuramus.
1137 1362 1182 1396 ut
1206 1360 1383 1396 dicatur:
1413 1361 1621 1405 ,quantum
1644 1360 1764 1396 durat
1791 1360 1920 1397 dies‘?‘

241 1436 327 1472 ‚per
352 1425 571 1462 duodecim
599 1426 746 1465 horas‘
799 1425 918 1462 Unde
941 1426 982 1461 et
1002 1427 1166 1470 tempus
1189 1435 1370 1461 annuum
1392 1425 1565 1461 dicimus
1587 1425 1693 1462 sicut
1713 1426 1920 1462 actionem

239 1491 305 1527 vel
333 1491 533 1527 diurnum.
584 1490 645 1526 Ex
678 1500 759 1536 quo
792 1491 971 1527 fortasse
1011 1491 1246 1536 quaestio
1284 1490 1479 1532 nascitur,
1517 1491 1724 1535 quomodo
1763 1491 1922 1527 seilicet

186 1559 222 1585 20
243 1557 429 1593 dieamus
457 1556 522 1591 vel
551 1557 713 1601 tempus
740 1556 806 1592 vel
835 1556 1043 1592 actionem
1071 1565 1254 1592 annuum
1283 1556 1349 1592 vel
1377 1556 1579 1596 diurnum.
1612 1566 1704 1592 eum
1732 1558 1922 1601 tempora

239 1622 279 1658 in
308 1621 483 1668 singulis
511 1622 637 1657 rebus
665 1631 748 1657 non
776 1631 981 1667 ponamus
1015 1631 1093 1657 nec
1127 1621 1205 1657 sibi
1241 1621 1389 1657 eadem
1427 1631 1494 1657 res
1530 1621 1732 1659 adiaceat.
1770 1622 1921 1667 quippe

238 1688 344 1724 haec
370 1687 540 1724 nomina
566 1697 591 1723 a
617 1687 872 1732 temporibus
895 1689 1059 1732 sumpta
1079 1687 1283 1723 videntur.
1336 1687 1422 1723 Nisi
1443 1687 1553 1723 enim
1575 1697 1599 1723 a
1621 1687 1920 1732 quantitatibus

240 1754 407 1798 sumpta
435 1753 526 1791 sint.
562 1753 769 1797 quomodo
797 1753 837 1789 in
867 1754 1063 1797 quantum
1092 1753 1434 1798 praedicarentur
1462 1753 1540 1789 11οο
1568 1753 1712 1789 modo:
1755 1755 1922 1798 ,quanta

239 1820 304 1855 est
343 1818 463 1857 actio.
507 1818 665 1859 ,diurna
698 1819 764 1854 vel
801 1818 982 1854 annua‘?¹
1035 1818 1151 1855 Aliae
1192 1828 1292 1855 vero
1331 1819 1586 1863 quantitates
1634 1818 1799 1854 ostendi
1835 1828 1919 1854 non

183 1892 218 1918 ‘25
239 1885 426 1930 possunt.
463 1894 488 1920 a
515 1884 664 1929 quibus
691 1886 857 1929 sumpta
884 1884 965 1920 sint
992 1884 1072 1920 nisi
1104 1886 1294 1929 tempora
1323 1893 1430 1929 quae
1459 1884 1500 1920 in
1529 1884 1590 1920 eis
1620 1884 1918 1930 significantur.

237 1950 327 1986 dies
355 1949 514 1986 scilicet
541 1951 581 1986 et
609 1958 754 1986 annus.
808 1949 889 1985 Sed
916 1949 1094 1985 fortasse
1116 1959 1199 1985 non
1222 1949 1363 1985 omnia
1384 1959 1491 1994 quae
1512 1950 1553 1985 in
1578 1952 1779 1994 quantum
1802 1958 1922 1994 prae-

237 2015 437 2056 dicantur,
465 2025 490 2051 a
516 2015 816 2060 quantitatibus
844 2016 1010 2060 sumpta
1037 2016 1142 2053 sunt.
1171 2015 1278 2051 sicut
1305 2018 1436 2057 (non)
1465 2015 1602 2051 omnia
1632 2016 1802 2060 sumpta
1825 2016 1920 2050 sunt

237 2091 262 2118 a
297 2081 576 2126 qualitatibus,
616 2090 724 2126 quae
765 2081 805 2117 in
845 2081 967 2126 quale
1007 2081 1312 2126 praedicantur.
1365 2080 1407 2117 Si
1444 2081 1535 2126 quis
1576 2081 1685 2117 enim
1723 2082 1919 2125 quaerat:

238 2147 405 2192 ,quanta
432 2148 497 2183 est
522 2146 655 2187 linea‘‚
685 2147 887 2187 ‚bicubita‘
915 2146 1090 2182 dicimus
1117 2156 1195 2182 nee
1223 2148 1363 2183 tamen
1390 2146 1634 2183 bicubitatio
1657 2146 1763 2182 sicut
1791 2145 1922 2191 longi-

182 2217 218 2244 30
238 2212 336 2248 tudo
353 2212 500 2248 dicitur
515 2212 736 2258 quantitas,
756 2212 831 2248 sed
847 2212 1090 2257 quantitatis
1111 2212 1256 2248 forma.
1304 2212 1380 2248 Vel
1402 2212 1435 2248 si
1459 2214 1703 2257 quaeratur:
1733 2212 1922 2256 ‚quantus

239 2278 301 2313 est
328 2276 547 2317 Socrates&
584 2277 749 2313 videtur
780 2278 889 2313 bene
922 2276 1170 2322 responderi
1210 2286 1296 2322 ,par
1323 2276 1540 2318 Ciceroni‘,
1577 2277 1684 2313 sicut
1712 2277 1922 2313 diceretur

241 2343 391 2382 ,tantus
419 2343 483 2378 est
510 2344 691 2387 quantus
721 2342 891 2381 Cicero‘.
929 2352 1008 2379 nec
1036 2344 1175 2379 tamen
1203 2343 1362 2388 paritas
1396 2345 1461 2379 est
1488 2343 1711 2388 quantitas.
1748 2343 1823 2379 sed
1861 2352 1923 2378 re-

239 2407 349 2443 latio.
389 2406 584 2443 Similiter
610 2407 644 2443 si
672 2407 876 2444 dicamus:
907 2409 1074 2453 ‚quanta
1101 2409 1166 2444 est
1193 2408 1313 2444 aetio‘
1343 2410 1384 2444 et
1411 2408 1720 2453 respondeatur
1747 2416 1921 2449 ‚annua·.

239 2472 279 2508 id
307 2474 369 2508 est
395 2482 470 2517 per
497 2482 648 2508 annum
679 2473 845 2514 durans,
875 2482 959 2509 non
987 2474 1053 2509 est
1080 2474 1263 2509 fortasse
1293 2483 1473 2510 necesse
1502 2483 1683 2509 annuum
1712 2475 1920 2518 sumptum

187 2547 340 2574 35esse
376 2538 428 2574 ab
461 2547 571 2573 anno
607 2538 675 2583 qui
707 2537 875 2574 lectioni
913 2538 1052 2583 aliquo
1090 2539 1212 2575 modo
1253 2539 1456 2577 adiaceat.
1498 2539 1605 2575 sicut
1641 2548 1719 2575 nee
1755 2539 1922 2583 quando

241 2603 391 2639 dicitur
418 2603 518 2640 ‚dies
546 2603 773 2642 hodierna‘.
802 2613 924 2640 nemo
954 2604 1131 2640 eandem
1159 2605 1267 2640 diem
1296 2604 1337 2640 in
1365 2614 1411 2641 se
1437 2604 1528 2650 ipsa
1555 2605 1681 2650 ponit.
1711 2605 1785 2641 sed
1812 2604 1921 2640 idem

242 2668 410 2704 omnino
454 2669 656 2704 sentimus
694 2678 768 2714 per
804 2669 1062 2710 hodiernum,
1107 2669 1145 2705 id
1185 2673 1247 2705 est
1284 2671 1601 2715 permanentem
1650 2679 1702 2706 ex
1740 2670 1818 2705 hac
1855 2669 1921 2705 die

242 2733 462 2770 existente.
515 2733 629 2770 Haec
656 2733 797 2778 itaque
834 2734 1005 2770 nomina
1042 2744 1247 2773 annuum.
1277 2735 1491 2775 diurnum‘‚
1530 2735 1626 2771 licet
1653 2737 1843 2779 tempora
1872 2734 1923 2770 si-

240 2797 451 2843 gnificent.
479 2799 618 2833 tamen
646 2807 671 2833 a
697 2798 956 2843 temporibus
983 2800 1149 2843 sumpta
1176 2808 1259 2834 non
1287 2800 1392 2836 sunt.
1431 2799 1536 2834 sicut
1564 2807 1641 2834 nec
1669 2807 1841 2834 aureum
1869 2798 1920 2833 ab

188 2872 223 2897 40
244 2871 346 2898 auro
374 2871 452 2898 nec
478 2861 709 2898 Priameum
738 2871 763 2898 a
790 2862 963 2900 Priamo.
991 2862 1066 2898 sed
1095 2862 1128 2898 si
1156 2863 1262 2898 forte
1291 2864 1455 2907 sumpta
1477 2862 1569 2900 sint.
1596 2862 1649 2898 ab
1671 2861 1763 2898 aliis
1785 2861 1922 2906 potius

244 2926 569 2972 proprietatibus
597 2929 763 2972 sumpta
790 2927 967 2963 dicenda
994 2929 1089 2963 sunt
1116 2937 1238 2972 quam
1268 2937 1293 2963 a
1315 2927 1625 2972 quantitatibus.
1650 2929 1722 2963 aut
1743 2926 1922 2962 fortasse

391 3037 432 3069 16
460 3037 494 3069 in
523 3034 577 3076 re]
607 3037 690 3069 inde
717 3045 776 3069 res
804 3037 832 3068 A

390 3105 399 3128 ¹
428 3107 580 3139 Abael.
610 3106 631 3138 I.
661 3116 699 3143 c..
730 3116 762 3147 p.
795 3106 870 3138 186.
