2200 3387
199 894 230 919 10

196 1219 227 1244 15

193 1545 228 1571 20)

192 2200 226 2223 :50

192 2524 227 2550 35

779 202 804 233 1.
834 201 898 233 llic
926 201 1081 233 Glossen
1111 210 1152 232 zu
1184 201 1414 241 Porphyrius.
1879 199 1924 233 25

394 298 451 334 Ac
481 299 653 344 primum
683 298 734 334 de
769 297 1154 333 abstractionem.
1208 297 1427 333 Sciendum
1466 297 1604 343 itaque
1640 297 1853 334 materiam
1884 300 1924 333 et

250 363 425 399 formam
461 363 668 408 permixta
701 362 821 398 simul
850 372 1017 407 semper
1044 362 1290 399 consistere,
1332 362 1455 397 animi
1494 365 1631 399 tamen
1673 363 1777 398 ratio
1818 363 1924 398 hanc

251 429 331 465 vim
363 430 499 468 babet.
528 431 570 465 ut
598 429 720 465 modo
744 428 958 464 materiam
984 438 1058 473 per
1085 439 1131 464 se
1160 429 1409 473 speculetur.
1440 429 1561 464 modo
1591 429 1764 465 formam
1793 429 1921 464 solam

250 494 447 533 attendat.
485 495 607 531 modo
636 496 810 539 utraque
839 493 1045 538 permixta
1082 493 1299 538 concipiat.
1353 493 1441 529 Duo
1480 504 1580 530 vero
1611 494 1726 539 primi
1756 504 1830 539 per
1857 494 1924 529 ab·

250 559 519 595 structionem
547 561 654 597 sunt.
684 559 752 604 qui
780 559 830 595 de
859 558 1091 595 coniunctis
1122 558 1276 603 aliquid
1308 559 1564 595 abstrabunt.
1600 562 1642 594 ut
1671 559 1802 604 ipsam
1834 558 1923 595 eius

250 624 439 659 naturam
461 623 741 660 considerent.
776 623 938 659 Tertius
960 632 1060 658 vero
1078 632 1152 667 per
1167 622 1502 658 coniunctionem
1526 625 1600 658 est.
1647 622 1770 658 Verbi
1790 623 1924 667 gratia

250 687 370 724 huius
399 688 575 724 hominis
604 686 839 724 substantia
876 690 916 723 et
944 697 1096 732 corpus
1125 689 1189 723 est
1217 689 1257 723 et
1285 687 1436 723 animal
1466 690 1506 723 et
1534 688 1656 723 homo
1686 690 1726 723 et
1754 687 1923 723 infinitis

250 753 403 789 vestita
437 753 590 792 formis.
628 763 750 799 quam
779 754 874 789 dum
913 753 953 789 in
990 753 1195 789 materiali
1232 753 1419 789 essentia
1459 753 1720 789 substantiae
1754 753 1923 789 attendo

248 817 392 854 formis
420 819 612 855 omnibus
646 818 982 863 circumscriptis.
1020 828 1094 863 per
1128 818 1455 854 abstractionem
1489 818 1743 854 intellectum
1776 818 1922 854 habeo.

251 881 408 918 Rursus
444 891 536 918 cum
573 882 612 919 in
648 893 699 919 ea
735 883 866 919 solam
911 882 1235 928 corporeitatem
1279 882 1461 921 attendo,
1500 892 1622 927 quam
1664 882 1923 918 substantiae

247 947 466 993 coniungo.
495 947 559 984 hic
587 957 753 993 quoque
781 948 1027 985 intellectus.
1056 957 1148 984 cum
1177 957 1252 992 per
1281 947 1618 984 coniunctionem
1647 947 1698 983 sit
1725 948 1921 992 quantum

247 1012 300 1049 ad
327 1012 503 1058 primum
531 1013 598 1058 qui
626 1015 785 1050 tantum
815 1014 1005 1049 naturam
1034 1012 1294 1049 substantiae
1322 1013 1577 1053 attendebat.
1613 1013 1719 1049 idem
1755 1021 1830 1058 per
1856 1013 1924 1049 ab·

247 1078 517 1114 stractionem
545 1088 710 1124 quoque
730 1079 776 1115 fit
799 1080 998 1124 quantum
1021 1078 1073 1114 ad
1095 1078 1251 1114 formas
1268 1078 1371 1114 alias
1390 1088 1415 1114 a
1430 1078 1721 1124 corporeitate,
1749 1088 1923 1123 quarum

248 1142 400 1179 nullam
429 1143 611 1182 attendo.
640 1146 683 1180 ut
710 1146 775 1181 est
802 1144 1013 1183 animatio,
1042 1143 1306 1182 sensualitas,
1335 1143 1606 1184 rationalitas,
1634 1144 1795 1180 albedo.

391 1208 633 1246 Huiusmodi
679 1211 820 1246 autem
857 1209 1092 1246 intellectus
1134 1218 1208 1254 per
1247 1209 1575 1245 abstractionem
1615 1209 1710 1245 inde
1747 1208 1922 1245 forsitan

247 1273 340 1310 falsi
375 1274 440 1310 vel
467 1275 564 1311 vani
600 1275 861 1315 videbantur,
899 1275 1008 1320 quod
1037 1284 1124 1311 rem
1152 1274 1273 1310 aliter
1300 1284 1423 1319 quam
1451 1274 1647 1314 subsistit,
1681 1274 1923 1320 percipiant.

248 1338 348 1375 Cum
387 1339 498 1376 enim
534 1341 750 1377 materiam
788 1350 863 1386 per
898 1350 942 1376 se
980 1340 1045 1376 vel
1083 1340 1257 1376 formam
1295 1339 1520 1385 separatim
1550 1340 1778 1376 attendant.
1814 1340 1924 1377 nulla

249 1403 388 1439 tamen
437 1412 580 1440 earum
626 1405 853 1450 separatim
899 1404 1108 1441 subsistat,
1164 1404 1351 1448 profecto
1398 1413 1485 1440 rem
1531 1403 1652 1440 aliter
1694 1413 1818 1449 quam
1861 1404 1922 1443 sit.

248 1468 441 1504 videntur
468 1469 690 1514 concipere
718 1471 842 1515 atque
879 1469 974 1506 ideo
1006 1469 1116 1505 cassi
1156 1478 1264 1505 esse.
1322 1468 1402 1505 Sed
1431 1478 1513 1505 non
1551 1470 1615 1505 est
1643 1469 1708 1505 ita.
1763 1469 1803 1505 Si
1831 1469 1923 1515 quis

248 1533 357 1569 enim
385 1534 464 1570 hoc
490 1535 614 1571 modo
641 1535 762 1571 aliter
788 1544 912 1580 quam
934 1544 980 1571 se
1002 1534 1156 1571 habeat
1177 1544 1256 1575 res,
1285 1534 1496 1580 intelligat,
1519 1537 1562 1570 ut
1577 1534 1771 1571 videlicet
1789 1535 1922 1580 ipsam

249 1599 437 1635 attendat
464 1599 504 1635 in
533 1609 584 1636 ea
612 1602 761 1636 natura
788 1600 855 1637 vel
882 1600 1139 1645 proprietate
1167 1609 1291 1645 quam
1318 1600 1411 1645 ipsa
1432 1609 1515 1635 non
1537 1600 1702 1641 habeat,
1731 1600 1810 1636 iste
1832 1610 1923 1646 pro-

248 1664 358 1700 fecto
385 1673 534 1701 cassus
563 1667 627 1702 est
652 1665 899 1702 intellectus.
953 1665 1035 1702 Sed
1068 1665 1147 1701 hoc
1182 1665 1348 1710 quidem
1377 1674 1459 1701 non
1486 1665 1533 1701 iit
1560 1665 1600 1701 in
1629 1666 1922 1702 abstractione.

249 1727 350 1764 Cum
377 1728 487 1764 enim
514 1729 623 1765 hunc
661 1730 870 1766 hominem
906 1731 1064 1765 tantum
1099 1729 1269 1766 attendo
1294 1730 1298 1772 Ι
1322 1729 1361 1765 in
1391 1731 1541 1765 natura
1568 1730 1828 1766 substantiae
1857 1731 1923 1766 vel
1951 1731 1973 1763 r.
2002 1733 2053 1763 -ιυ

248 1793 449 1839 corporis,
490 1804 572 1830 non
607 1795 733 1831 etiam
768 1795 961 1831 animalis
994 1795 1059 1831 vel
1098 1794 1276 1831 hominis
1317 1795 1382 1831 vel
1422 1795 1693 1841 grammatici,
1735 1795 1921 1840 profecto

193 1872 208 1897 ε
249 1859 345 1895 nihil
373 1859 454 1895 nisi
481 1859 590 1904 quod
618 1860 658 1896 in
687 1869 737 1896 ea
759 1862 833 1897 est.
861 1860 1058 1906 intelligo.
1087 1860 1160 1896 sed
1183 1869 1266 1896 non
1288 1860 1428 1896 omnia
1449 1869 1557 1905 quae
1580 1860 1716 1901 habet,
1739 1861 1921 1897 attendo.

246 1924 295 1961 Et
326 1934 418 1961 cum
455 1924 547 1961 dico
584 1935 650 1962 me
689 1926 909 1962 attendere
943 1927 1101 1962 tantum
1143 1935 1236 1961 eam
1264 1926 1305 1961 in
1334 1935 1384 1962 eo
1413 1926 1523 1971 quod
1551 1926 1630 1962 hoc
1658 1926 1794 1964 habet.
1824 1926 1921 1963 illud

249 1990 428 2028 tantum·
463 1989 515 2025 ad
554 1990 891 2026 attentionem
931 1991 1118 2028 refertur.
1155 2000 1237 2026 non
1271 1990 1323 2026 ad
1359 1990 1549 2026 modum
1585 1990 1921 2029 subsistendi.

246 2054 427 2100 alioquin
455 2064 601 2092 cassus
629 2057 745 2092 esset
771 2055 1017 2092 intellectus.
1069 2056 1158 2092 Non
1181 2056 1291 2092 enim
1312 2065 1380 2092 res
1402 2056 1481 2092 hoc
1503 2058 1661 2092 tantum
1682 2057 1818 2093 habet.
1847 2056 1922 2093 sed

247 2121 405 2156 tantum
438 2121 665 2157 attenditur
704 2124 746 2157 ut
785 2121 863 2157 hoc
902 2121 1074 2158 habens.
1127 2121 1174 2158 Et
1212 2121 1332 2157 aliter
1368 2123 1507 2158 tamen
1541 2122 1721 2167 quodam
1749 2122 1923 2163 <modo>

247 2195 369 2231 quam
397 2185 459 2225 sit.
493 2186 642 2223 dicitur
668 2187 849 2233 intelligi.
887 2197 970 2223 non
998 2188 1078 2223 alio
1108 2187 1273 2232 quidem
1303 2188 1412 2223 statu
1447 2196 1571 2232 quam
1599 2187 1662 2225 sit.
1702 2189 1744 2223 ut
1772 2191 1918 2233 Sllpra²

249 2251 401 2288 dictum
429 2253 504 2288 est.
538 2251 613 2288 sed
639 2252 680 2288 in
709 2262 759 2288 eo
788 2253 918 2291 aliter.
963 2253 1072 2298 quod
1114 2252 1246 2289 alius
1287 2253 1458 2289 modus
1487 2255 1565 2289 est
1592 2253 1923 2299 intelligendi

249 2325 392 2361 quam
425 2316 760 2353 subsistendi.
815 2316 1047 2362 Separatim
1087 2327 1264 2362 namque
1303 2318 1409 2354 haec
1436 2327 1504 2354 res
1533 2318 1584 2354 ab
1613 2318 1704 2355 alia.
1746 2328 1829 2354 non
1857 2327 1919 2354 se-

248 2381 396 2425 parata
421 2380 672 2426 intelligitur,
700 2390 791 2417 cum
820 2382 960 2417 tamen
988 2381 1215 2427 separatim
1242 2391 1325 2418 non
1354 2381 1517 2420 existat.
1546 2383 1586 2418 et
1623 2391 1724 2427 pure
1747 2382 1921 2418 materia

248 2445 289 2481 et
327 2444 568 2490 simpliciter
603 2446 737 2482 forma
773 2446 1009 2491 percipitur.
1048 2456 1138 2482 cum
1184 2457 1320 2492 neque
1358 2447 1463 2483 haec
1498 2456 1599 2492 pure
1647 2447 1699 2483 sit
1740 2456 1816 2483 nec
1853 2447 1922 2483 illa

248 2509 499 2556 simpliciter,
537 2513 579 2547 ut
612 2511 806 2548 videlicet
841 2512 1000 2557 puritas
1029 2512 1109 2548 ista
1137 2513 1202 2548 vel
1243 2512 1486 2558 simplicitas
1515 2512 1566 2548 ad
1594 2512 1920 2558 intelligentiam.

248 2583 330 2610 non
352 2574 404 2611 ad
427 2575 740 2612 subsistentiam
762 2576 821 2612 rei
842 2576 1104 2615 reducantur.
1134 2579 1176 2613 ut
1203 2577 1286 2613 sint
1307 2576 1466 2613 scilicet
1488 2577 1634 2613 modus
1654 2577 1920 2622 intelligendi.

248 2648 330 2675 non
367 2639 631 2676 subsistendi.
683 2640 841 2678 Sensus
880 2642 1004 2678 etiam
1045 2652 1174 2687 saepe
1203 2642 1254 2678 de
1283 2642 1526 2687 compositis
1555 2642 1753 2678 diversim
1781 2644 1920 2687 agunt.

249 2703 375 2740 veluti
391 2704 427 2740 si
447 2704 500 2741 sit
521 2707 658 2742 statua
680 2706 848 2743 dimidia
862 2716 992 2743 aurea
1014 2709 1055 2743 et
1076 2707 1243 2743 dimidia
1259 2710 1471 2753 argentea.
1488 2716 1632 2743 aurum
1649 2709 1689 2743 et
1702 2708 1919 2752 argentum

249 2769 469 2806 coniuncta
495 2771 719 2816 separatim
749 2781 923 2808 cernere
952 2782 1135 2817 possum.
1164 2773 1286 2808 modo
1315 2772 1473 2809 scilicet
1499 2781 1643 2808 aurum
1673 2771 1920 2817 adspiciens.

391 2917 410 2948 5
439 2917 519 2958 ipse
547 2918 573 2949 A
682 2919 699 2949 ἲ
729 2917 851 2958 homo!
879 2919 984 2951 huius
1011 2920 1038 2951 A
1152 2921 1192 2951 125
1221 2920 1386 2960 perlecto
1414 2920 1440 2951 Α
1554 2920 1594 2951 19
1616 2917 1729 2959 cassi!
1758 2919 1863 2959 quasi
1890 2920 1918 2952 A

249 2976 292 3008 23
320 2978 450 3009 nature
476 2977 504 3009 A
607 2978 648 3008 :32
677 2976 894 3018 separatim]
921 2978 1116 3018 separavit
1143 2979 1169 3011 A

393 3064 401 3086 ¹
434 3065 484 3098 Cr.
517 3066 634 3098 Traet.
662 3066 706 3097 de
734 3066 860 3104 intell„
888 3076 921 3107 p.
951 3067 1122 3099 7⁴5—47.
1237 3067 1251 3088 ”-’
1279 3077 1311 3108 p.
1341 3064 1471 3100 2()³³—³¹.
