2200 3387
0 792 14 808 1-
0 701 8 765 r-v

189 955 219 979 1¹.»

189 1281 222 1313 15,

187 1612 220 1636 ‘20

185 2264 220 2289 :30

518 267 547 298 2.
579 265 642 298 tuo
670 266 826 297 Glossen
856 274 898 297 zu
928 265 996 297 ‹ien
1027 264 1259 304 Kategorien.
1302 284 1329 286 ff—
1363 264 1412 296 De
1441 265 1632 305 oppositis.
1846 262 1914 296 2151

242 361 346 398 Vere
375 363 413 399 in
442 362 618 408 quodam
651 365 847 407 tempore.
876 362 971 406 quia
1008 361 1043 397 in
1085 364 1270 406 tempore
1301 361 1585 397 uctenninato.
1635 361 1665 396 A
1695 364 1821 407 parte.
1870 360 1914 396 Et

241 426 318 463 hoc
346 430 423 464 est:
453 427 636 471 Quando
664 427 776 462 em'm
806 430 882 463 etc.
937 426 982 462 la'!
1011 428 1178 462 lem-um.
1233 426 1318 462 Hoc.
1352 426 1523 471 apponit
1557 427 1607 462 ad
1637 426 1910 462 differentiam

241 490 467 528 mediorum
484 491 782 528 contrariorum
801 490 910 526 eirea
928 490 1130 526 naturalia
1145 490 1439 535 susceptibilia.
1457 490 1605 534 quibus
1621 500 1741 525 unmn
1757 493 1912 526 tantum

239 565 406 601 semper
427 556 701 593 determinate
730 555 849 591 inest.
879 558 919 591 ut
948 558 1121 600 supra¹
1153 554 1379 590 docuimus.
1436 555 1479 589 ln
1503 555 1736 590 contrariis
1758 558 1912 590 numu.

204 619 520 656 ‘Continuatioz
559 620 599 655 ln
629 619 862 665 privatione
891 622 930 655 et
960 618 1097 655 habitu
1133 619 1355 664 aliquando
1396 618 1676 654 necessarium
1717 622 1782 654 est
1818 619 1914 655 aite-

239 693 338 722 rum.
367 685 504 721 inesse
533 684 799 729 susceptibili.
837 684 910 720 sed
950 684 985 719 in
1017 683 1236 720 contrariis
1276 683 1421 720 mediis
1461 693 1693 728 numquam.
1750 684 1793 719 ln
1824 685 1914 725 (μιῖ-

239 750 432 790 busdam,
460 750 519 786 eis
548 750 705 786 seilicet
733 749 882 794 quibus
911 749 1154 785 naturaliter
1188 749 1451 785 conveniunt.
1509 749 1622 783 I'wle
1656 750 1807 793 palam
1847 753 1914 785 cvxl.

239 813 584 859 Quandoquidem
613 814 788 859 privatio
817 816 858 850 et
880 813 1042 849 habitus
1065 823 1144 849 nou
1169 815 1432 859 opponuntur
1455 824 1504 849 eo
1531 814 1652 849 modo
1676 824 1756 860 quo
1778 814 1914 850 imme—

240 879 351 916 diata
379 880 588 916 contraria
618 889 750 924 neque
779 888 860 924 quo
891 878 1081 916 mediata.
1117 888 1216 924 ergo
1254 878 1480 915 seeundum
1523 881 1710 915 neutrum
1750 881 1912 916 modum

240 945 552 981 contrariorum.
606 945 638 981 A
668 944 864 990 partibus.

381 1010 590 1055 „implius
641 1010 712 1046 Hie
734 1010 784 1046 ad
809 1010 989 1046 ultimum
1013 1010 1292 1046 differentiam
1308 1010 1495 1056 assignat
1512 1010 1619 1046 inter
1635 1010 1908 1055 privationem

238 1077 279 1112 et
299 1075 480 1112 habitum
497 1077 537 1111 et
553 1075 772 1113 contraria.
795 1075 884 1111 sive
902 1075 1037 1112 media
1053 1075 1133 1111 sint
1150 1075 1239 1112 sive
1258 1075 1508 1112 immediata.
1525 1075 1699 1112 circaea
1715 1076 1915 1121 suseepti-

238 1141 334 1177 bilia
367 1140 515 1186 quibus
554 1141 797 1177 naturaliter
835 1151 913 1177 non
954 1141 1104 1178 insunt.
1146 1141 1251 1177 hanc
1288 1141 1445 1177 scilieet
1486 1141 1763 1178 differentiam
1805 1142 1913 1186 quod

238 1206 447 1243 contrari-a
474 1206 656 1242 vicissim
696 1208 869 1251 possunt
905 1206 1141 1251 permutari.
1183 1209 1224 1241 ut
1259 1206 1518 1251 postmodum
1560 1210 1701 1242 mutuo
1741 1207 1913 1243 aiterum

240 1273 530 1317 subsequatur.
559 1272 668 1316 quod
697 1281 779 1308 non
808 1274 871 1308 est
900 1272 937 1307 in
967 1271 1201 1317 privatione
1225 1274 1265 1308 et
1288 1272 1441 1309 habitu.
1470 1272 1566 1317 quia
1588 1282 1678 1308 eum
1702 1273 1752 1309 de
1775 1272 1913 1308 habitu

240 1337 372 1383 possit
399 1337 580 1374 transire
608 1347 676 1373 res
704 1338 754 1374 ad
786 1337 1073 1382 privationem.
1108 1347 1190 1373 non
1220 1339 1355 1382 potest
1383 1338 1591 1383 regressio
1626 1338 1727 1374 fieri.
1781 1338 1916 1374 Conti-

240 1403 399 1439 nuatio:
427 1403 639 1448 Amplius,
668 1403 705 1438 id
735 1406 796 1438 est
824 1403 969 1439 adhue.
999 1403 1049 1439 de
1078 1403 1314 1439 differentia
1342 1403 1448 1439 inter
1476 1403 1751 1448 privationem
1779 1406 1819 1440 et
1848 1405 1915 1440 lia-

240 1466 364 1503 bitum
400 1468 440 1503 et
474 1466 693 1503 contraria.
746 1467 949 1507 Namque.
1005 1467 1111 1503 Vere
1152 1467 1361 1503 contraria
1395 1467 1576 1503 vicissim
1619 1470 1915 1513 permutantur.

239 1532 336 1577 quia
363 1532 453 1568 ista.
507 1531 539 1567 Α
567 1531 765 1577 partibus.
824 1532 947 1568 t'mle.
1000 1531 1047 1567 Et
1075 1534 1207 1572 nota,
1236 1533 1344 1576 quod
1376 1542 1455 1568 non
1487 1532 1583 1568 dieit
1611 1532 1660 1569 ,in
1690 1533 1887 1569 aiterum.
1912 1534 1915 1578 ξ

242 1596 316 1633 sed
345 1597 395 1633 ‚in
426 1597 692 1633 alterutrum.
730 1597 825 1642 quia
855 1607 936 1634 una
965 1599 1102 1643 potest
1128 1606 1224 1634 esse
1254 1598 1423 1634 mutatio
1453 1598 1503 1634 de
1532 1599 1670 1634 babitu
1709 1599 1747 1634 in
1786 1599 1918 1644 priva-

241 1663 407 1701 tionem.
436 1662 510 1699 sed
538 1672 620 1699 non
649 1664 800 1699 mutua.
854 1663 900 1699 Et
928 1663 1005 1700 hoe
1033 1665 1098 1699 est
1131 1663 1240 1709 quod
1279 1664 1451 1709 exponit
1487 1664 1624 1700 statim
1662 1665 1822 1701 diceus:
1862 1665 1918 1700 Iar

241 1728 389 1765 habitu
418 1730 493 1764 ete.
546 1728 684 1773 Neque
711 1729 837 1764 enim.
892 1728 999 1765 Vere
1028 1738 1110 1765 non
1138 1729 1184 1764 fit
1211 1729 1422 1775 regressio
1454 1729 1504 1766 de
1527 1730 1759 1775 privatione
1783 1730 1820 1766 in
1851 1730 1917 1766 ha-

240 1793 378 1830 bitum.
408 1794 504 1839 quia
524 1793 580 1830 ita
601 1795 664 1830 est
687 1793 726 1830 in
749 1793 849 1830 istis.
903 1794 934 1830 A
959 1794 1155 1839 partibus.
1209 1794 1327 1834 Quod
1350 1798 1487 1831 autem
1511 1795 1681 1832 aitsine
1699 1795 1915 1832 (tentibus.

242 1858 479 1895 edentulum
509 1858 669 1903 accipit.
704 1858 743 1894 in
772 1868 852 1903 quo
882 1861 945 1895 est
980 1859 1166 1904 privatio.
1204 1859 1312 1904 quod
1351 1860 1458 1895 bene
1497 1861 1633 1905 potest
1670 1860 1803 1896 notari
1846 1870 1918 1905 per

185 1938 213 1963 2.-
241 1923 337 1960 illud
367 1932 532 1961 sursus·
562 1924 671 1968 quod
693 1924 866 1960 additur.
920 1923 965 1960 Et
987 1927 1119 1961 nota.
1142 1925 1250 1970 quod
1273 1934 1365 1961 cum
1388 1925 1444 1961 ait
1466 1925 1720 1971 impossibile
1743 1928 1806 1962 est
1828 1926 1916 1962 fieri

239 1989 462 2036 regressio.
502 1989 781 2034 impossibile*
820 1992 1016 2034 quantum
1056 1990 1107 2026 ad
1146 1991 1281 2026 aetum
1320 1990 1482 2026 videtur
1519 1991 1734 2036 accepisse
1774 2001 1825 2027 ex
1856 1991 1917 2027 liis

239 2064 347 2100 quae
375 2054 596 2100 subiungit.
626 2054 692 2090 ubi
720 2054 878 2091 scilieet
906 2057 1041 2091 aetum
1071 2056 1226 2092 tantum
1256 2058 1454 2094 removet.
1483 2066 1566 2092 non
1589 2056 1915 2102 possibilitatem.

240 2120 322 2157 Sed
350 2120 405 2157 nil
432 2119 613 2166 impedit,
642 2120 676 2155 si
705 2129 759 2157 ex
787 2122 879 2157 actu
908 2130 1076 2166 semper
1112 2123 1271 2157 remoto
1301 2121 1419 2166 quasi
1457 2131 1509 2157 ex
1548 2121 1698 2158 effectu
1738 2122 1915 2167 quodam

240 2185 557 2231 possibilitatem
586 2194 750 2230 quoque
779 2186 932 2222 abesse
962 2186 1114 2222 innuat.

385 2250 684 2296 Quaecumque
719 2261 829 2295 crya.
890 2251 1038 2287 Tribus
1078 2251 1323 2288 differentiis
1360 2252 1597 2298 assignatis.
1640 2262 1721 2288 una
1760 2252 1917 2289 scilicet

241 2316 507 2352 retativorum
535 2316 585 2352 ad
616 2316 834 2355 contraria.
863 2317 995 2352 altera
1022 2317 1291 2353 relativorum
1325 2318 1377 2354 ad
1417 2318 1693 2363 privationem
1732 2320 1771 2354 et
1808 2318 1918 2354 liabi-

241 2382 336 2419 tum.
365 2382 495 2417 restat
521 2381 738 2426 assignare
767 2390 858 2417 eam
887 2383 1045 2418 tantum
1074 2382 1351 2418 differentiam
1389 2392 1512 2427 quam
1550 2383 1675 2419 habet
1709 2383 1916 2428 oppositio

241 2446 528 2483 affirmationis
564 2448 605 2482 et
642 2446 875 2493 negationis
916 2448 967 2483 ad
1008 2447 1188 2493 reliquas
1215 2449 1410 2493 quattuor
1447 2448 1747 2493 oppositiones.
1802 2448 1917 2489 Quae

241 2511 404 2557 quidem
434 2511 473 2547 in
501 2520 552 2547 eo
581 2513 653 2549 est.
682 2512 791 2557 quod
828 2512 1036 2557 oppositio
1065 2513 1407 2549 contradictionis
1436 2514 1527 2550 sola
1554 2524 1578 2550 a
1605 2514 1758 2550 ceteris
1787 2514 1916 2550 tribus

209 2597 222 2618 -‚
243 2576 576 2622 oppositionibus
613 2586 779 2622 semper
815 2587 961 2614 verum
997 2580 1038 2614 et
1075 2578 1221 2615 falsum
1261 2578 1415 2615 dividit.
1454 2581 1622 2615 ceterae
1658 2589 1758 2616 vero
1794 2589 1919 2625 oppo-

243 2641 429 2679 sitiones.
458 2641 554 2687 quia
581 2644 738 2678 tantum
761 2643 1049 2688 incomplexas
1072 2653 1199 2680 voees
1222 2644 1446 2680 continent.
1475 2647 1517 2680 ut
1539 2645 1628 2690 ipse
1652 2644 1759 2681 dicit.
1783 2654 1918 2689 neque

244 2715 387 2742 verum
414 2706 627 2742 continent
656 2716 790 2752 neque
826 2707 986 2744 falsum.
1039 2707 1320 2744 Continuatio:
1356 2709 1443 2744 Non
1484 2709 1614 2744 solum
1655 2709 1915 2745 manifestum

244 2773 307 2807 est
340 2773 504 2807 ceteras
541 2773 624 2807 tres
659 2772 948 2817 oppositiones
986 2773 1177 2809 diversas
1218 2783 1314 2809 esse
1355 2773 1407 2809 ad
1448 2773 1638 2810 invicem.
1679 2774 1750 2809 sed
1794 2773 1915 2810 etiam

244 2836 546 2882 oppositionem
574 2836 862 2873 affirmationis
892 2840 931 2873 et
960 2838 1194 2883 negationis
1223 2838 1491 2875 dividentium
1527 2848 1621 2874 esse
1658 2838 1864 2874 diversam
1895 2849 1917 2874 a

248 2967 395 3003 eodem
425 2967 529 3003 haec
557 2967 646 3003 sola
673 2977 696 3002 a
724 2968 875 3003 ceteris
904 2967 1048 3003 dividit
1082 2977 1249 3013 semper
1277 2978 1417 3004 verum
1454 2970 1493 3004 et
1531 2968 1687 3004 falsum.
1740 2969 1771 3004 Α
1803 2972 1918 3014 parte

389 3081 427 3115 21
461 3081 547 3123 non]
576 3083 608 3115 in
639 3084 662 3115 .t
768 3084 808 3115 ΕΜ
839 3093 860 3116 a
888 3082 1037 3123 ceteris}
1065 3086 1178 3117 tis-ens
1205 3085 1230 3117 Α

392 3153 399 3175 ¹
433 3155 489 3186 os.
517 3163 638 3196 supra
669 3164 700 3195 p.
730 3155 832 3187 277⁴.

0 2742 29 3387 ἱ
191 2916 224 2939 ⁴..
244 2901 408 2938 ceteris.
463 2901 506 2937 In
537 2901 603 2937 his
629 2902 755 2937 enim.
810 2902 916 2938 Vere
947 2903 1049 2939 baec
1078 2903 1286 2948 oppositio
1321 2903 1457 2939 differt
1494 2913 1518 2939 a
1555 2903 1716 2939 ceteris
1746 2903 1842 2948 quia
1879 2903 1917 2939 in

1948 981 2079 1016 novun.

1941 1040 1974 1073 p.
1988 1030 2058 1063 21⁴5
2077 1029 2104 1063 13

1948 1532 1969 1564 s.
1999 1534 2065 1564 mz-

1948 2224 2081 2259 novun.

1947 2272 2098 2315 p.'.'‘a'7('
