2200 3387
561 209 588 240 1.
618 207 681 240 lli(-
709 208 864 239 (llosscn
894 216 935 238 zu
967 206 1199 246 Porphyrius.
1237 224 1269 228 -—
1301 205 1351 238 De
1379 205 1516 244 specio.
1829 202 1873 236 425

200 306 280 345 stit.
318 306 369 342 ad
403 306 555 342 animal
590 305 761 350 possent
794 303 960 349 adiungi
991 302 1029 338 in
1058 301 1355 338 constitutione
1383 302 1572 339 hominis.
1611 303 1652 338 ut
1689 311 1769 337 non
1807 311 1873 337 ne-

201 381 322 408 cesse
355 372 406 408 sit
439 381 491 407 ex
525 372 732 406 conventu
768 378 908 405 earum
939 368 1002 404 vel
1031 367 1329 403 humanitatem
1359 367 1422 402 vel
1451 367 1571 402 aliam
1608 367 1781 402 formam
1819 366 1874 401 in-

202 436 328 472 nasci.
382 435 572 480 Alioquin
601 436 641 470 ct
668 444 722 470 ex
750 432 1006 469 humanitate
1035 441 1178 467 rursus
1207 431 1288 467 alia
1314 430 1447 466 torma
1475 433 1515 466 et
1550 441 1601 467 ex
1632 431 1699 467 illa
1727 431 1871 466 iterum

201 502 281 538 alia
309 511 438 546 usque
467 501 505 537 in
534 499 734 536 infinitum
763 498 882 534 simili
914 497 1073 533 ratione
1102 498 1356 532 nasceretur.

164 573 180 598 ⁵
345 566 412 602 Sic
439 566 578 611 iunge:
608 564 749 601 Genus
777 563 924 600 dicitur
961 563 1088 598 tribus
1127 562 1258 598 modis
1295 561 1562 606 supradictis;
1600 562 1671 597 scd
1709 561 1873 606 species

205 633 265 669 liis
293 632 467 669 duobus.
508 630 554 666 Et
581 630 659 666 hoe
687 631 768 666 est:
795 629 973 673 Species,
1000 628 1078 664 hoc
1108 637 1270 666 nomen.
1298 627 1457 663 [licitur
1483 627 1532 662 ‹lc›
1557 628 1697 662 [orma
1729 627 1874 661 einins-

202 699 418 743 euiusqm’,
456 697 493 732 id
529 698 593 732 est
625 694 822 731 convenit
849 693 1141 738 compositioni
1178 692 1395 729 cuiuslibet
1429 691 1640 731 individui,
1678 692 1876 728 exteriori

203 763 361 800 scilicet
389 765 429 798 et
457 761 598 798 sensui
627 760 868 797 subiacenti.

344 828 513 864 Dicitur
537 829 693 862 aulem.
746 825 877 861 Aliam
899 824 1095 870 supponit
1115 823 1463 870 significationem
1487 823 1655 869 speciei,
1684 832 1790 868 quae
1814 825 1878 858 est

151 900 185 926 ¹0
205 893 491 939 philosophica
517 891 693 937 species.

347 958 464 1002 Quae
490 959 547 994 est
573 958 649 992 snb
669 966 820 1001 {seuere
840 956 1075 999 ass-tynam,
1096 955 1134 991 id
1156 956 1220 991 est
1241 954 1432 1000 superius
1455 954 1675 999 descripto.
1727 955 1877 989 Secun-

204 1025 304 1061 ‹Inm
335 1034 481 1070 quum,
506 1022 663 1059 scilicet
690 1021 847 1067 speciei
875 1021 1223 1067 significationem
1252 1022 1340 1060 etc..
1376 1019 1608 1062 hominem,
1642 1018 1679 1055 id
1708 1020 1773 1055 est
1799 1018 1877 1054 hoc

204 1098 354 1127 nomen
387 1088 556 1134 speciei.
584 1088 694 1133 quod
716 1089 781 1124 est
802 1087 936 1123 homo.
989 1087 1141 1122 Album
1165 1088 1307 1121 autem
1331 1085 1496 1121 eoloris.
1551 1085 1591 1120 In
1615 1084 1694 1120 alio
1718 1083 1878 1129 praedi-

204 1156 396 1193 camento
423 1153 705 1200 exemplificat
732 1162 894 1198 ponens
922 1153 1059 1188 album
1093 1161 1167 1197 pro
1202 1151 1279 1187 hoc
1314 1151 1482 1187 nomine
1511 1149 1671 1191 albedo,
1699 1149 1878 1195 triangu-

152 1225 185 1252 15
206 1221 286 1257 lum
315 1229 389 1265 pro
416 1218 738 1265 triangulatione
767 1217 856 1253 sive
885 1225 959 1262 pro
987 1215 1180 1262 trianguli
1206 1215 1350 1262 figura.
1403 1215 1526 1251 Nota
1555 1213 1664 1259 quod
1701 1214 1758 1250 ait
1795 1214 1879 1250 ,sub

205 1285 423 1331 assignato
444 1287 625 1330 genere‘.
648 1284 690 1318 ut
717 1282 847 1327 possit
869 1289 963 1318 esse
985 1280 1170 1317 definitio
1193 1280 1362 1325 speciei.
1384 1279 1441 1315 ita
1461 1288 1557 1315 esse
1579 1278 1879 1323 accipiendum.

206 1351 249 1386 ut
275 1358 408 1395 genus
436 1348 477 1384 in
504 1346 739 1384 substantia
766 1346 806 1383 in
835 1346 966 1391 primo
993 1346 1085 1382 loco
1113 1345 1352 1390 accipiatur.

350 1414 522 1458 Quodsi.
574 1412 675 1449 Cum
712 1411 905 1457 superius
942 1411 992 1447 de
1025 1419 1184 1456 genere
1211 1410 1313 1446 satis
1340 1409 1505 1455 egisset,
1543 1409 1705 1445 videtur
1738 1417 1878 1454 super—

206 1479 288 1516 flue
324 1478 389 1515 hic
425 1478 558 1523 ipsum
594 1478 798 1522 repetere,
839 1484 931 1511 cum
971 1474 1045 1511 ait:
1085 1474 1162 1510 sub
1201 1473 1416 1520 assignato
1457 1482 1626 1519 genere.
1678 1472 1796 1509 Unde
1833 1481 1879 1508 se

151 1552 188 1578 20
208 1545 385 1582 excusat
423 1543 566 1579 dicens
601 1542 711 1588 quod
744 1541 850 1577 sicut
888 1540 951 1576 ius
988 1540 1161 1576 rationis
1198 1539 1336 1585 exigit,
1378 1540 1420 1575 ut
1456 1547 1589 1585 genus
1638 1537 1882 1575 definiretur

208 1619 282 1655 per
309 1609 504 1655 speciem.
533 1609 588 1644 ita
615 1609 657 1644 et
683 1607 849 1652 species
878 1615 952 1651 per
978 1615 1120 1652 genus.

351 1673 418 1711 Sic
447 1674 588 1720 iunge:
634 1673 793 1718 Repeto
830 1681 962 1718 genus
998 1671 1039 1707 in
1073 1670 1316 1707 definitione
1353 1669 1522 1716 speciei,
1560 1669 1634 1706 sed
1671 1678 1753 1705 non
1791 1668 1881 1704 sine

208 1749 348 1779 causa.
377 1739 473 1785 quia
500 1739 546 1779 si,
576 1738 619 1775 'id
648 1739 713 1775 est
739 1747 843 1776 cum.
871 1746 948 1773 nos
977 1736 1255 1782 assignantes,
1283 1735 1322 1772 id
1357 1736 1419 1772 est
1453 1734 1716 1775 definientes,
1749 1743 1882 1780 genus

209 1805 401 1851 superius
422 1804 597 1841 fecimus
620 1804 871 1840 mentionem
901 1803 951 1839 de
979 1802 1121 1848 specie
1149 1801 1354 1838 dieentes:
1381 1810 1513 1846 genus
1540 1809 1637 1837 esse
1659 1801 1747 1841 etc.,
1775 1799 1883 1835 simi-

154 1879 189 1905 25
209 1869 302 1907 liter
328 1869 578 1907 definientes
606 1868 790 1914 speciem
813 1867 864 1903 de
885 1876 1042 1913 genere
1069 1866 1210 1902 facere
1233 1865 1445 1901 debemus.
1497 1865 1616 1900 Unde
1637 1864 1716 1900 hoc
1737 1863 1882 1910 [quod]

208 1935 243 1971 si
268 1934 323 1971 ibi
351 1935 459 1971 bene
486 1934 639 1970 factum
668 1935 743 1972 est.
772 1934 813 1969 et
836 1932 900 1968 hic
922 1933 987 1968 est
1008 1934 1177 1977 propter
1198 1930 1375 1967 eandem
1397 1929 1556 1966 scilicet
1583 1938 1763 1968 causam,
1785 1928 1883 1974 quia

208 2000 385 2038 relativa
412 2001 518 2036 sunt.
569 1998 617 2035 Et
643 1999 722 2035 hoc
749 2000 834 2034 est:
870 1997 996 2033 Nosse
1023 1998 1186 2042 oportet
1213 1996 1423 2041 quoniam
1451 2005 1585 2039 {lenus
1611 1995 1798 2031 alieuius
1824 1995 1881 2030 es!

209 2066 366 2112 speciei
392 2067 433 2102 et
460 2065 624 2111 species
651 2064 826 2101 alicuius
854 2065 929 2101 est.
957 2062 1116 2099 scilicet
1143 2062 1321 2108 generis.
1375 2061 1422 2097 ΕΙ
1454 2061 1611 2097 ideireo
1633 2069 1793 2096 neeesse
1813 2061 1882 2101 est,

210 2132 249 2169 id
277 2133 342 2169 est
368 2130 576 2171 convenit,
603 2138 760 2176 ponere
789 2130 830 2165 et
857 2129 1033 2166 alterum
1062 2128 1102 2164 in
1136 2127 1380 2164 definitione
1414 2126 1597 2163 alterius.
1649 2125 1881 2169 Assiynan!

156 2208 322 2242 aoeryo.
387 2195 733 2241 Quandoquidem
774 2196 940 2240 oportet
974 2194 1149 2231 alterum
1192 2192 1401 2238 assignari
1443 2201 1518 2237 per
1555 2192 1741 2228 alterum.
1782 2199 1882 2236 ergo

211 2263 270 2299 sic
297 2261 499 2299 definiunt
526 2261 722 2307 speciem.
750 2260 955 2297 facientes
983 2259 1142 2296 scilicet
1178 2258 1431 2295 mentionem
1461 2257 1512 2293 de
1545 2265 1715 2303 genere.
1768 2256 1886 2299 Quae

210 2329 394 2374 ponitur
428 2328 505 2363 snb
543 2337 694 2371 uenere
732 2327 822 2367 hoc,
858 2325 898 2362 id
939 2326 1004 2361 est
1039 2325 1080 2361 in
1117 2333 1257 2363 sensu,
1296 2333 1378 2369 quo
1419 2323 1504 2359 dixi
1549 2321 1742 2367 superius
1787 2330 1884 2357 esse

212 2394 288 2430 sub
315 2402 482 2440 genere.
537 2392 584 2428 ΕΙ
618 2393 667 2428 (Ie
699 2402 786 2437 qna
813 2401 956 2435 uenus.
1009 2390 1061 2427 Ut
1094 2391 1136 2426 et
1168 2390 1246 2426 hoc
1280 2389 1333 2425 sit
1369 2387 1555 2425 definitio
1590 2386 1759 2432 speciei,
1793 2396 1886 2431 sup-

214 2459 406 2505 plendum
448 2458 610 2495 videtur
650 2459 704 2497 ,ut
741 2457 793 2494 de
839 2456 1057 2502 supposita
1096 2455 1172 2491 sibi
1212 2454 1402 2500 proximo
1436 2454 1539 2490 loco‘
1578 2452 1748 2497 propter
1787 2450 1886 2487 indi-

159 2524 340 2569 „vidua
376 2526 416 2561 et
456 2524 508 2563 ,in
547 2523 790 2560 substantia·
829 2524 999 2568 propter
1037 2521 1272 2557 accidentia
1311 2522 1352 2556 et
1391 2519 1471 2556 alia
1508 2519 1645 2555 multa.
1698 2516 1740 2553 Si
1777 2516 1885 2552 enim

214 2590 456 2634 quaeratur:
494 2588 602 2633 ‚quid
630 2589 695 2624 est
721 2587 882 2625 album‘.
911 2587 977 2623 vel
1015 2585 1218 2622 rationale
1256 2585 1322 2621 vel
1360 2583 1595 2620 substantia
1632 2582 1699 2618 vel
1735 2590 1886 2626 corpus

215 2654 279 2690 vel
307 2653 459 2690 animal
486 2653 772 2698 respondetur.

358 2719 558 2763 Amplius
594 2720 750 2754 (tutem.
812 2717 927 2754 Datis
972 2716 1292 2754 definitionibus,
1333 2724 1441 2759 quae
1485 2722 1630 2750 omnes
1676 2711 1888 2748 includunt

216 2782 392 2828 species.
426 2782 622 2827 supponit
648 2791 741 2818 eam
770 2791 878 2827 quae
905 2781 1033 2818 solius
1061 2782 1125 2817 est
1152 2779 1483 2825 specialissimae
1512 2776 1681 2822 speciei.
1736 2776 1777 2812 In
1806 2785 1888 2820 qua

161 2861 197 2888 ιο
216 2856 309 2883 cum
336 2846 393 2883 ait
420 2846 720 2884 ‚differentibus
748 2850 946 2885 numero,
975 2845 1086 2886 ,solo‘
1115 2846 1156 2881 et
1192 2845 1372 2885 ‚tantum‘
1410 2840 1759 2887 subintelligenda
1794 2841 1889 2876 sunt

216 2912 268 2949 ad
305 2911 591 2948 exclusionem
628 2911 808 2957 generis.
866 2906 1054 2947 Si'enim
1091 2911 1270 2950 tantum·
1306 2916 1566 2954 apponamus
1603 2915 1678 2952 per
1714 2915 1760 2942 se
1797 2905 1887 2941 sine

363 3024 374 3055 1
407 3020 468 3063 ad]
484 3031 506 3055 a
520 3022 823 3063 superscriptum
838 3022 876 3054 in
892 3021 921 3054 A
993 3022 1033 3053 13
1049 3017 1204 3061 speciei]
1226 3029 1254 3052 s.
1270 3018 1299 3051 A
1373 3019 1412 3050 14
1430 3015 1511 3070 prol
1528 3017 1634 3058 perA
1708 3017 1812 3049 14-15
1828 3015 1889 3048 tri-

217 3083 341 3125 anguli
363 3083 490 3116 Boeth.
513 3082 648 3123 angula
669 3081 695 3114 A
774 3081 817 3113 29
840 3083 911 3121 pon
935 3082 971 3113 ct
990 3080 1018 3113 A
1106 3080 1147 3111 31
1178 3079 1276 3119 quod
1302 3078 1331 3111 A
1407 3078 1450 3109 32
1473 3078 1658 3118 ponuntur
1677 3075 1706 3108 A
1783 3076 1825 3107 33
1848 3075 1890 3108 Et

218 3140 278 3183 del
305 3142 401 3175 idem
428 3141 469 3174 A.

1905 1383 2040 1419 Boeth.

1907 1442 1941 1475 p.
1954 1432 2021 1467 201
2036 1433 2066 1455 ¹³

1910 1965 2042 2002 Boeth.

1909 2025 1944 2058 p.
1959 2013 2068 2048 2021·ς

1910 2109 2043 2144 Boeth.

1910 2168 1944 2201 p.
1958 2157 2051 2192 203²·
