2200 3387
568 219 594 250 1.
623 217 688 250 Die
715 217 871 250 (llossen
900 226 943 250 zu
972 217 1206 258 Porphyrius.
1235 236 1276 240 —
1307 218 1358 249 llo
1385 219 1522 258 specie.
1835 216 1879 250 57

208 314 382 353 instruit.
410 323 554 350 verum
575 314 698 350 etiam
721 314 772 350 de
799 323 985 350 ascensu.
1039 313 1085 350 Et
1113 314 1190 349 hoc
1217 316 1296 350 est:
1324 315 1446 349 Julw!
1476 315 1595 350 Plato
1623 315 1876 350 dividentem

205 379 410 424 specificis·
437 379 687 415 differentiis
720 379 964 414 descendere
998 388 1077 423 per
1111 379 1264 419 media,
1301 379 1378 414 hoc
1412 382 1475 414 est
1504 389 1577 424 per
1602 389 1760 423 genera
1787 380 1879 415 sul)-

207 444 377 482 alterna.
405 453 512 489 quac
540 444 698 480 scilicet
724 453 892 488 genera.
921 445 1128 479 utcontra
1155 453 1199 479 se
1229 444 1324 488 poni
1353 444 1510 488 possint
1537 444 1574 479 in
1605 444 1750 480 cadem
1780 444 1880 479 divi-

207 509 326 546 sione
355 512 562 554 tamquam
591 509 794 554 opposita.
823 508 977 544 liabent
1003 518 1057 545 ex
1085 508 1390 552 significatione
1413 509 1738 544 differentiarum
1762 519 1879 554 prac—

171 574 338 619 bcipue.
390 574 489 610 Cum
527 573 636 610 enim
675 573 864 619 singulae
903 573 1067 618 species
1107 574 1145 609 in
1186 574 1395 610 sententia
1434 574 1661 619 superioris
1697 574 1877 619 generis.

207 648 329 685 quam
347 639 385 675 in
406 648 452 675 se
468 639 632 678 habent.
655 648 735 674 non
753 639 1003 684 discrepent,
1019 638 1058 674 in
1081 648 1208 675 sensu
1231 639 1516 684 oppositarum
1537 638 1876 678 differentiarum.

207 714 329 750 quem
357 704 482 740 etlam
509 704 734 743 continent.
771 704 952 740 maxime
980 704 1199 749 oppositae
1237 713 1333 739 esse
1371 706 1664 740 monstrantur.
1716 703 1763 739 Et
1802 704 1879 740 hoc

208 771 286 805 est:
316 769 456 814 ipsum
486 768 562 815 [inl
589 769 858 810 dividentem,
886 768 925 805 id
947 770 1009 804 est
1030 769 1238 805 volentem
1261 768 1458 806 dividere.
1486 769 1600 804 iubet
1621 769 1879 804 descendere

208 843 282 879 per
307 833 454 873 media.
483 833 640 870 scilicet
666 843 835 879 genera.
863 833 1072 879 specificis
1099 833 1358 874 differentiis,
1386 833 1425 869 id
1454 835 1518 870 est
1545 828 1774 869 secundum
1798 833 1879 869 va

156 906 188 932 10
208 897 497 943 specificarum
526 897 863 936 differentiarum,
895 907 1002 942 quae
1031 897 1235 936 videlicet.
1271 897 1369 942 quia
1405 897 1585 933 maxime
1623 899 1718 933 sunt
1754 907 1880 942 oppo-

207 962 324 1004 sitae,
353 972 406 998 ex
434 962 473 998 vi
495 971 637 998 earum
666 962 898 1007 specierum
929 962 1078 1008 quibus
1104 962 1254 1003 insunt,
1286 962 1338 998 ad
1361 962 1627 998 dividendum
1649 964 1690 998 et
1712 962 1881 998 diversi-

207 1027 416 1063 licandum
444 1036 510 1063 res
539 1027 706 1073 generis
734 1028 888 1064 valent.

350 1092 703 1129 Deseemlentilms
744 1093 886 1137 iglitur.
947 1093 1293 1139 Quandoquidem
1333 1103 1408 1138 per
1445 1093 1582 1129 media
1617 1093 1877 1129 descendere

208 1159 383 1203 oportet.
411 1166 511 1203 ergo
539 1167 717 1195 necesse
745 1160 820 1199 est,
849 1158 889 1194 id
917 1160 981 1194 est
1008 1158 1338 1199 determinatum,
1377 1159 1436 1194 ire
1463 1167 1538 1203 per
1565 1158 1878 1194 multitudinem.

157 1229 188 1254 15
209 1221 242 1258 A
270 1223 386 1267 parte
414 1222 696 1258 multitudinis.
747 1222 795 1258 Et
821 1222 886 1259 hic
913 1222 1079 1267 quidem
1107 1222 1328 1268 diligenter
1364 1224 1552 1258 naturam
1581 1223 1812 1258 descensus
1840 1224 1882 1258 et

208 1297 413 1324 ascensus
446 1287 669 1334 distinguit,
698 1288 807 1333 quod
841 1288 881 1324 in
910 1288 1117 1324 descensu
1145 1288 1301 1324 scilicet
1329 1297 1451 1323 unum
1483 1297 1556 1332 per
1578 1288 1703 1323 multa
1724 1287 1882 1333 disper-

209 1353 354 1399 gimus.
383 1353 422 1389 in
451 1362 629 1389 ascensu
658 1362 758 1389 vero
787 1353 913 1389 multa
940 1353 1017 1389 sub
1037 1362 1118 1390 uno
1141 1353 1381 1399 colligimus.
1435 1353 1552 1389 Unde
1574 1353 1712 1389 statim
1732 1362 1885 1397 suppo-

210 1418 284 1454 nit:
312 1418 641 1454 Aseemlentz'bns
669 1428 764 1454 vero
791 1419 850 1454 ad
874 1418 1201 1463 yones-alissima
1236 1427 1415 1454 necesse
1443 1420 1508 1454 est
1540 1418 1668 1454 multa
1695 1418 1770 1453 sub
1800 1427 1881 1454 uno

209 1483 406 1529 colligere
446 1483 523 1520 hoc
561 1483 701 1519 modo:
738 1483 941 1520 rationale
976 1485 1017 1519 et
1060 1483 1299 1519 irrationale
1342 1484 1438 1519 sunt
1480 1483 1632 1519 animal
1675 1484 1716 1519 et
1752 1482 1883 1519 sensi-

155 1558 191 1584 20
211 1547 291 1584 bile
329 1549 370 1584 et
405 1546 649 1583 insensibile
689 1549 784 1583 sunt
820 1557 982 1592 corpus.
1035 1547 1077 1583 In
1117 1556 1299 1583 ascensu
1339 1547 1478 1592 itaque
1518 1547 1644 1583 multa
1684 1547 1761 1582 sub
1801 1556 1882 1582 uno

209 1612 383 1651 unimus.
411 1611 508 1657 quia
535 1612 751 1649 dissimilia
778 1613 1004 1649 convenire
1033 1614 1324 1648 monstramus.
1376 1612 1419 1648 In
1453 1612 1658 1648 descensu
1686 1621 1787 1648 vero
1816 1611 1884 1656 qui

208 1677 255 1714 fit
281 1686 356 1723 per
382 1677 639 1716 divisionem.
667 1677 1004 1714 convenientium
1032 1687 1170 1714 rerum
1196 1677 1474 1714 differentiam
1496 1687 1518 1714 e
1540 1677 1748 1714 contrario
1772 1686 1884 1713 mon-

209 1744 400 1779 stramus.
453 1742 721 1779 Collectivzmz
752 1743 878 1779 enim.
930 1742 1019 1779 Duo
1047 1743 1196 1788 probat
1223 1752 1330 1788 quae
1364 1743 1477 1782 dixit.
1515 1742 1673 1778 scilicet
1700 1742 1808 1787 quod
1843 1741 1883 1778 in

210 1817 387 1845 ascensu
415 1808 620 1854 colligitur
646 1810 687 1844 et
714 1808 754 1843 in
782 1808 990 1844 descensu
1018 1807 1280 1854 dispergitur.
1309 1807 1405 1853 quia
1432 1807 1626 1844 videlicet
1658 1816 1816 1853 genera
1843 1808 1884 1843 et

154 1885 191 1912 25
211 1873 386 1919 species,
415 1873 490 1909 sub
512 1873 824 1919 praedicatione
847 1882 1021 1918 quorum
1048 1873 1246 1909 inferiora
1272 1882 1416 1909 eorum
1437 1873 1644 1913 uniuntur,
1666 1872 1885 1908 collectiva

210 1938 315 1974 sunt.
369 1937 463 1983 Ipsa
501 1946 602 1973 vero
642 1937 840 1974 inferiora
875 1939 970 1973 sunt
1011 1937 1281 1973 distributiva.
1334 1937 1368 1973 A
1405 1946 1544 1973 causa.
1597 1936 1644 1972 Et
1682 1937 1761 1973 hoc
1801 1938 1882 1972 est:

209 2003 374 2048 Species
399 2008 457 2039 est
481 2003 744 2039 collectivum
775 2003 1011 2039 multorum
1040 2003 1083 2038 in
1121 2012 1252 2038 etnam
1285 2004 1503 2045 naturam,
1539 2002 1578 2038 id
1608 2004 1672 2038 est
1699 2001 1882 2047 speciale

210 2068 456 2104 vocabulum
492 2077 560 2104 res
596 2067 807 2104 subiectas
843 2067 1030 2104 nominat
1066 2067 1295 2104 secundum
1331 2067 1371 2103 id
1409 2067 1518 2112 quod
1552 2067 1806 2103 conveniunt
1843 2068 1884 2102 et

210 2133 289 2170 sibi
316 2133 471 2170 similes
498 2134 603 2169 sunt.
655 2133 811 2177 Natura
838 2132 948 2169 enim
976 2134 1040 2169 est
1067 2134 1174 2169 teste
1202 2132 1416 2169 Boethio
1433 2135 1444 2157 1
1483 2132 1706 2168 similitudo
1746 2141 1884 2168 rerum

155 2211 191 2237 30
211 2198 482 2236 nascentium.
534 2198 582 2234 Et
612 2199 751 2242 nausis
780 2199 824 2234 iel
849 2198 966 2244 quoe!
989 2208 1134 2242 penus,
1171 2198 1267 2243 quia
1300 2198 1459 2234 scilicet
1486 2198 1604 2243 plura
1630 2197 1885 2234 conveniunt

210 2265 250 2301 in
270 2273 438 2310 genere.
460 2273 582 2309 quam
610 2263 651 2300 in
679 2263 831 2309 specie.
884 2263 1096 2299 Partieulr·
1120 2263 1172 2299 ·ia
1202 2273 1311 2306 vero,
1336 2263 1376 2299 id
1404 2264 1469 2299 est
1495 2262 1705 2308 specialia,
1735 2264 1771 2299 et
1797 2263 1884 2298 sin-

210 2329 400 2373 palat-ia,
435 2329 474 2365 id
501 2330 563 2365 est
590 2329 813 2367 individua,
841 2328 1029 2365 dividunt
1102 2329 1167 2364 .od
1202 2338 1327 2364 unum
1359 2330 1434 2369 est,
1471 2328 1550 2364 hoc
1587 2329 1649 2364 est
1686 2337 1754 2364 res
1792 2328 1881 2364 illas

212 2394 427 2430 nominant
461 2396 503 2430 ut
539 2394 793 2430 differentes.
866 2393 985 2434 Quod
1025 2393 1165 2430 statim
1202 2393 1241 2429 in
1279 2393 1465 2439 partibus
1502 2393 1686 2430 ostendit
1722 2393 1884 2429 dicens:

214 2459 319 2495 Nam
347 2459 495 2504 plures
522 2459 716 2495 homines
741 2461 840 2494 sunt
869 2468 980 2494 unus
1015 2458 1318 2495 convenientes
1351 2458 1693 2503 participatione
1718 2458 1886 2502 speciei,

157 2524 251 2561 aeid
279 2526 344 2562 est
378 2525 605 2560 secundum
641 2524 720 2560 hoc
757 2524 866 2569 quod
903 2524 1087 2569 speciale
1125 2524 1373 2560 vocabulum
1411 2523 1670 2569 participant.
1723 2522 1884 2568 Quippe

214 2599 267 2626 ex
296 2598 346 2625 eo
374 2590 483 2635 quod
511 2589 660 2635 singuli
689 2591 783 2625 sunt
809 2589 962 2625 animal
990 2589 1193 2625 rationale
1223 2589 1395 2625 mortale
1423 2598 1473 2625 ac
1500 2598 1575 2634 per
1601 2589 1679 2624 1100
1707 2587 1884 2624 invicem

213 2654 524 2694 convenientes.
551 2664 703 2690 nomen
725 2654 803 2690 hoc
825 2654 935 2699 quod
962 2656 1026 2690 est
1052 2655 1187 2692 homo.
1216 2654 1389 2699 singulis
1415 2655 1480 2689 est
1502 2653 1749 2698 impositum.
1802 2652 1886 2688 Nec

214 2720 292 2755 hoc
313 2719 404 2754 loco
426 2718 598 2754 dicimus
621 2727 687 2754 res
707 2718 899 2754 diversas
920 2718 960 2754 in
982 2718 1188 2754 communi
1211 2718 1378 2754 nomine
1394 2717 1633 2757 convenire,
1656 2717 1730 2752 sed
1753 2716 1885 2760 magis

215 2784 442 2820 naturalem
484 2793 625 2820 earum
666 2783 1001 2820 convenientiam
1053 2783 1304 2820 attendimus
1350 2783 1579 2819 secundum
1625 2791 1885 2818 communem

159 2861 195 2888 40
215 2857 381 2885 causam
398 2847 673 2892 impositionis
688 2847 876 2888 nominis.
898 2847 1007 2892 quod
1023 2857 1105 2883 non
1122 2847 1256 2883 minus
1273 2849 1519 2892 permanent
1533 2846 1698 2882 nomine
1721 2855 1886 2890 quoque

360 2965 379 2996 6
407 2962 633 3005 discrepent]
655 2963 839 3004 decipient
862 2964 888 2995 Α
992 2965 1030 2995 11
1055 2961 1120 2995 oar
1147 2971 1236 3003 spes
1255 2963 1282 2994 A
1388 2963 1428 2993 18
1456 2962 1633 3003 agencral
1653 2961 1682 2993 A
1774 2962 1813 2993 19
1836 2958 1886 3000 etl

215 3021 312 3056 idest
339 3023 366 3055 A
489 3023 532 3055 23
561 3023 656 3063 quod
686 3022 819 3054 addidi
844 3031 887 3055 er
910 3022 957 3061 Α.»
1073 3022 1116 3054 30
1145 3019 1300 3061 scilicet]
1328 3022 1357 3053 si
1380 3021 1408 3053 A
1532 3021 1574 3053 :36
1595 3021 1773 3053 rationale
1794 3029 1887 3053 mor-

215 3079 304 3122 tale]
331 3084 414 3114 num
441 3081 470 3113 A

358 3145 367 3167 ¹
397 3146 556 3184 Boetli.‚
586 3146 629 3178 In
657 3146 780 3185 Catey.
810 3145 923 3177 Arist.
953 3145 1008 3177 PL
1034 3146 1089 3183 (54,
1118 3154 1151 3185 p.
1184 3145 1247 3176 166
1265 3144 1306 3176 Α.

1908 1061 2044 1097 Boetli.

1907 1119 1940 1152 p.
1954 1108 2048 1142 22s³
