2200 3387
300 260 367 294 224
699 262 806 296 Peter
831 263 1036 297 Abaelards
1064 264 1199 306 Logica
1225 264 1550 307 ,Ingredientibus‘.

299 359 397 395 dicit
423 369 574 395 nomen
603 359 842 405 significare
876 361 1150 398 substantiam
1189 371 1280 398 cum
1318 363 1528 407 qualitate,
1564 362 1604 400 id
1641 365 1704 400 est
1740 364 1967 401 essentiam

299 425 478 470 aliquam
516 434 607 461 cum
645 425 782 470 aliqua
821 426 1077 471 proprietate
1113 426 1285 463 formae.
1347 426 1395 463 Et
1431 427 1536 464 haec
1576 428 1742 473 quidem
1779 429 1967 475 acceptio

299 489 440 526 ultima
467 490 520 526 ab
547 490 624 526 hoc
652 490 991 535 praedicamento
1018 492 1182 536 penitus
1211 494 1275 528 est
1302 492 1449 528 aliena.

439 554 633 591 Titulus
662 555 895 592 huiusmodi
924 558 1004 593 est:
1033 557 1084 593 de
1112 557 1220 602 quali
1251 559 1292 593 et
1319 557 1532 602 qualitate.
1585 557 1685 594 Cum
1720 559 1827 595 enim
1863 569 1970 605 ,qua-

299 620 401 656 litas·
430 620 509 656 1100
536 630 689 657 nomen
716 622 821 658 teste
850 621 1081 658 Boethio¹
1112 622 1354 667 simpliciter
1380 623 1619 668 accipiatur,
1646 623 1867 660 nominans
1893 624 1970 660 sci·
1989 633 2006 659 5

298 685 393 722 11001
407 685 580 722 formam
595 688 765 725 tantum,
789 688 933 732 ‚quale‘
949 697 1050 723 vero
1072 687 1151 724 hoc
1172 697 1325 724 nomen
1346 688 1431 724 tam
1451 687 1627 725 formam
1642 688 1828 726 nominet
1847 698 1971 735 quam

299 751 539 788 subiectum.
568 754 611 787 ut
638 751 879 788 ostenderet
906 752 1243 789 convenientiam
1265 752 1477 790 nominum
1498 753 1539 789 in
1562 753 1853 799 designatione
1874 763 1972 800 qua-

299 816 435 854 litatis,
464 826 515 853 ea
542 817 757 853 coniunxit
784 817 825 853 in
853 817 1123 863 inscriptione
1151 818 1266 854 tituli.
1319 817 1395 854 Vel
1428 818 1609 855 fortasse
1635 818 1731 856 ideo
1759 819 1973 856 coniunxit

298 891 349 917 ea
377 882 418 917 in
446 882 573 919 titulo,
612 882 709 927 quia
744 882 858 927 prius
895 883 945 919 de
987 883 1265 928 qualitatibus,
1306 884 1455 928 postea
1494 884 1545 920 de
1585 884 1774 929 qualibus
1810 885 1970 921 tractat.

297 946 501 991 Expedita
531 956 712 992 namque
741 947 946 984 divisione
975 948 1196 993 qualitatis,
1233 957 1325 984 cum
1363 948 1415 985 ad
1454 949 1592 994 qualia
1628 949 1836 990 transiret,
1873 949 1970 986 ait2:
1992 958 2025 984 10

299 1011 531 1056 ,qualitates
557 1011 698 1055 itaque
726 1014 821 1047 sunt
849 1021 956 1057 quae
984 1012 1225 1057 praedictae
1254 1013 1360 1049 sunt.
1394 1013 1534 1057 qualia
1559 1022 1661 1049 vero
1690 1022 1797 1058 quae
1825 1022 1971 1049 secun-

298 1075 391 1111 dum
420 1076 498 1111 hoc
527 1076 836 1112 denominative
865 1077 1076 1113 dicuntur!

438 1142 707 1178 Tractaturus
720 1142 860 1187 itaque
875 1142 925 1179 de
939 1142 1205 1187 qualitatibus
1218 1152 1478 1179 communem
1493 1143 1675 1179 omnium
1687 1143 1969 1180 definitionem

298 1208 523 1252 praemittit
551 1208 710 1244 dicens:
751 1208 1003 1249 qualitatem
1045 1209 1138 1244 (lieo
1175 1217 1260 1244 esse
1299 1209 1417 1244 illam
1457 1218 1544 1244 rem
1577 1208 1809 1245 sec-undum
1837 1218 1970 1254 quam

299 1273 448 1313 quales
475 1273 688 1314 (lic-untur,
716 1273 793 1309 hoc
815 1274 890 1314 est,
919 1273 1147 1309 secundum
1170 1283 1293 1318 quam
1314 1273 1480 1318 aliquod
1501 1272 1727 1310 subiectum
1751 1274 1816 1309 est
1836 1273 1969 1318 quale.
1993 1283 2024 1308 15

298 1337 430 1374 Habet
458 1338 566 1374 enim
593 1338 831 1374 vocativum
858 1339 1031 1374 verbum
1058 1338 1112 1374 ibi
1140 1338 1221 1374 vim
1251 1338 1502 1374 substantivi
1528 1338 1657 1374 verbi.
1714 1338 1762 1374 Et
1789 1338 1970 1380 attende,

297 1404 406 1449 quod
433 1404 604 1449 plurale,
634 1404 743 1448 quod
772 1406 835 1440 est
868 1404 1019 1449 plures,
1055 1404 1121 1440 vel
1150 1403 1372 1450 singulare.
1411 1403 1520 1448 quod
1558 1405 1623 1440 est
1648 1406 1816 1446 <unus>,
1844 1404 1972 1449 quali-

296 1472 422 1505 tatem
450 1469 738 1505 indifferenter
764 1469 924 1514 accipit.
952 1469 1135 1514 alioquin
1164 1469 1348 1505 definitio
1378 1468 1568 1505 omnibus
1594 1468 1861 1514 qualitatibus
1887 1478 1972 1505 non

297 1535 556 1571 conveniret.
609 1534 770 1579 Quippe
798 1544 880 1570 non
909 1534 1044 1570 omnis
1073 1535 1249 1579 qualitas
1275 1535 1393 1580 plura
1421 1534 1559 1579 qualia
1584 1533 1694 1575 facit,
1715 1534 1843 1570 veluti
1867 1534 1973 1571 haec

298 1599 560 1635 indivisibilis
589 1600 739 1636 albedo
767 1600 835 1636 vel
862 1599 1037 1636 scientia
1064 1599 1184 1636 huius
1212 1599 1388 1636 animae.
1493 1624 1496 1625 γ
1990 1608 2024 1633 20

441 1664 507 1701 Sic
529 1664 745 1700 continua':
773 1664 890 1700 Illud
909 1674 1017 1700 vero.
1057 1664 1152 1700 Dixi
1170 1665 1223 1701 ad
1244 1664 1397 1709 aliquid
1419 1673 1525 1705 esse,
1548 1663 1697 1709 quibus
1718 1665 1783 1700 est
1808 1663 1887 1700 hoc
1913 1663 1971 1709 ip-

296 1738 385 1765 sum
415 1728 512 1765 esse
540 1730 628 1769 etc.‚
657 1728 732 1765 sed
761 1728 1004 1774 qualitatem
1033 1728 1125 1764 dico
1153 1730 1229 1764 etc.
1282 1728 1359 1764 Vel
1386 1728 1462 1764 ita:
1500 1727 1569 1764 alii
1605 1737 1680 1764 suo
1716 1728 1839 1764 modo
1874 1726 1972 1764 defi-

295 1794 411 1830 niunt
438 1794 689 1838 qualitatem,
718 1794 791 1829 sed
820 1803 898 1839 ego
927 1793 1019 1830 dico
1048 1795 1124 1829 010.

438 1859 521 1896 ,Hic
544 1858 766 1904 quaeritur.
789 1868 861 1895 cur
875 1858 1188 1895 Aristoteles
1210 1859 1392 1895 omnium
1419 1859 1459 1895 in
1482 1858 1763 1904 descriptione
1784 1857 1971 1895 doctissi—

296 1934 386 1961 mus
423 1927 507 1961 tam
543 1924 737 1969 culpabili
775 1923 1019 1969 qualitatem
1060 1923 1236 1960 termino
1276 1923 1529 1960 definitionis
1563 1923 1788 1961 incluserit‘
1804 1925 1829 1959 3.
1881 1922 1970 1960 Non
1989 1931 2024 1957 25

295 1989 404 2026 enim
438 1989 574 2026 notior
607 1991 672 2026 est
710 1989 895 2026 definitio
937 1998 1059 2034 quam
1099 1988 1326 2025 definitum.
1380 1989 1462 2026 Sed
1501 1990 1607 2026 sicut
1645 1989 1822 2034 qualitas
1861 1998 1968 2034 quae

296 2055 461 2101 qualem
487 2054 596 2096 facit,
624 2054 665 2090 in
693 2063 739 2090 se
767 2055 880 2099 prior
906 2054 1148 2090 naturaliter
1173 2054 1338 2090 videtur
1364 2056 1407 2090 ut
1433 2064 1574 2093 causa,
1602 2054 1660 2090 ita
1686 2054 1811 2090 etiam
1832 2054 1969 2100 cogni-

294 2121 407 2157 tione
434 2119 693 2165 praecedere
721 2120 895 2160 videtur,
934 2119 1031 2165 quia
1067 2120 1110 2155 ut
1145 2119 1326 2155 sciamus
1360 2119 1512 2165 aliquid
1550 2128 1646 2156 esse
1684 2119 1818 2164 quale,
1854 2118 1968 2165 prius

294 2185 472 2231 qualitas
509 2185 640 2230 ipsius
677 2185 974 2230 cognoscenda
1010 2185 1083 2226 est,
1120 2184 1345 2230 praecipue
1384 2194 1477 2220 cum
1509 2185 1588 2221 hoc
1626 2193 1781 2220 nomen
1820 2184 1967 2230 ,quale‘

294 2249 546 2297 qualitatis'a
568 2259 649 2295 qua
665 2252 871 2295 sumptum
889 2251 963 2291 est,
986 2249 1335 2295 significationem
1350 2251 1506 2286 teneat:
1532 2249 1594 2286 Ad
1610 2249 1689 2286 hoc
1703 2248 1969 2286 Boethius4
1988 2256 2023 2281 30

294 2316 522 2361 respondet
547 2315 647 2351 nihil
675 2315 839 2356 obesse,
875 2314 944 2350 ubi
978 2314 1164 2351 definitio
1203 2314 1490 2351 substantialis
1525 2314 1666 2351 induci
1699 2323 1783 2351 non
1818 2315 1968 2360 potest,

294 2380 328 2415 si
350 2379 574 2424 descriptio
596 2388 679 2415 non
702 2379 755 2415 sit
776 2378 993 2415 dilucidior
1012 2378 1236 2424 descripto.
1265 2378 1339 2414 Vel
1362 2378 1487 2415 etiam
1508 2378 1549 2414 in
1571 2388 1621 2415 eo
1645 2378 1970 2424 descriptionem

293 2444 498 2481 notiorem
526 2444 726 2489 assignat,
754 2444 851 2489 quia
879 2444 1016 2488 qualia
1042 2444 1145 2489 ipsa,
1179 2453 1254 2488 per
1281 2453 1455 2488 quorum
1483 2452 1635 2479 nomen
1664 2443 1842 2489 qualitas
1870 2442 1970 2479 defi-

293 2510 411 2550 nitur,
439 2510 603 2546 notiora
630 2509 937 2554 quodammodo
965 2508 1158 2545 videntur
1191 2508 1290 2553 ipsis
1323 2508 1605 2553 qualitatibus,
1643 2508 1739 2554 quia
1773 2507 1970 2545 videlicet

293 2574 426 2620 magis
454 2574 648 2610 sensibus
676 2574 864 2610 subiecta
891 2576 1026 2610 sunt-²³.
1077 2573 1163 2609 Etsi
1197 2573 1307 2609 enim
1335 2573 1557 2618 qualitates
1584 2583 1749 2619 quoque
1777 2573 1970 2610 sensibus
1989 2580 2024 2605 35

294 2639 590 2684 concipiantur,
618 2639 804 2685 pluribus
826 2640 966 2675 tamen
988 2639 1184 2675 sensibus
1205 2638 1394 2675 subiecta
1415 2640 1511 2675 sunt
1531 2639 1679 2684 qualia.
1731 2638 1969 2675 Subiectum

294 2704 445 2749 quippe
473 2703 677 2740 albedinis
705 2713 789 2740 non
817 2704 950 2740 solum
977 2704 1082 2740 visu.
1110 2713 1255 2740 verum
1292 2703 1417 2740 etiam
1445 2705 1557 2740 tactu
1584 2704 1650 2739 vel
1678 2703 1759 2740 alio
1786 2703 1968 2740 fortasse

293 2777 422 2804 sensu
449 2767 647 2813 percipio.

436 2876 478 2910 16
505 2877 569 2916 ibi]
597 2878 607 2909 i
633 2878 662 2910 A
764 2876 805 2910 17
834 2886 926 2910 unus
944 2878 999 2910 vel
1015 2878 1090 2911 lale
1106 2877 1200 2918 quid
1214 2877 1433 2911 addendum
1449 2886 1529 2910 esse
1542 2877 1692 2910 videtur
1800 2877 1844 2909 25
1872 2877 1966 2910 diffi-

291 2936 439 2968 nitionis
466 2936 607 2975 Boeth.,
636 2936 805 2968 diffinitio
831 2937 861 2968 A
1004 2936 1048 2968 28
1078 2936 1187 2976 quale
1214 2936 1273 2968 vel
1302 2945 1376 2976 qua
1402 2936 1489 2969 facit
1517 2936 1545 2967 A
1678 2936 1721 2968 29
1749 2932 1966 2976 praecipue]

293 2996 491 3033 praeterea
519 2995 547 3026 A

433 3058 442 3079 ¹
471 3059 621 3091 Boeth.
650 3059 671 3091 l.
700 3067 740 3096 e.,
769 3068 804 3099 p.
832 3059 898 3091 239
914 3059 951 3091 B.
1097 3058 1111 3080 ‘2
1139 3059 1289 3091 Boeth.
1319 3059 1340 3091 l.
1369 3068 1408 3097 e.,
1437 3068 1471 3099 p.
1500 3058 1563 3091 251
1583 3058 1620 3091 C.

431 3117 446 3138 ³
472 3117 623 3150 Boeth.
652 3118 674 3150 l.
703 3127 741 3155 0.,
770 3127 804 3158 p.
833 3118 957 3150 24ΟΑ.

432 3177 445 3196 ⁴
474 3176 623 3208 Boeth.
653 3176 673 3209 l.
702 3186 742 3209 c..
770 3186 804 3217 p.
833 3177 950 3209 2403.
1096 3176 1110 3197 ⁵
1136 3177 1287 3209 Boeth.
1318 3176 1339 3209 Ι.
1370 3185 1411 3215 cn,
1438 3185 1471 3216 p.
1501 3175 1567 3208 240
1583 3175 1620 3208 C.
