2200 3387
561 223 588 254 1.
617 207 683 254 Die
710 221 866 254 Glossen
894 229 938 253 zu
965 217 1202 261 Porphyrius.
1230 239 1273 242 —
1302 221 1353 253 De
1380 223 1517 262 specie.
1832 222 1877 254 63

206 317 337 363 accipi
374 317 601 354 secundum
629 320 764 354 actum
793 317 1087 357 continentiae.
1126 327 1206 353 non
1237 318 1463 354 secundum
1493 321 1692 359 naturam.
1729 303 1876 355 secun-

206 382 301 418 dum
329 383 438 427 quod
466 385 507 419 et
534 383 716 428 phoenix
743 382 998 418 individuum
1022 382 1129 418 bene
1152 382 1298 418 dicitur
1320 385 1360 418 et
1387 383 1599 427 quodlibet
1627 384 1875 422 universale.

207 447 239 482 si
268 447 319 483 ad
349 447 510 484 unicam
539 447 885 493 significationem
913 446 964 482 sit
991 447 1216 483 reductum.

168 583 184 606 s·
204 579 341 613 autem
365 577 454 613 sive
476 586 634 623 genera
654 577 705 612 de
725 576 920 622 pluribus.
973 576 1090 616 Quod
1113 577 1220 612 bene
1243 577 1393 612 dictum
1422 586 1518 613 esse
1542 581 1754 616 monstrat,
1782 588 1872 615 cum

152 909 184 933 10

151 1233 182 1257 lo

147 1557 182 1582 20

145 2210 181 2236 δυ

205 642 364 678 scilicet
399 642 677 687 proprietates
718 641 918 678 individui
952 641 1101 686 quibus
1137 641 1255 677 simul
1292 641 1440 677 iunctis
1475 652 1544 678 res
1573 651 1647 678 sua
1674 653 1698 678 a
1726 644 1877 679 ceteris

205 707 395 743 omnibus
429 706 634 745 dividitur.
672 706 819 742 unicae
856 706 949 745 sint.
986 706 1265 751 proprietates
1302 716 1402 742 vero
1439 707 1598 752 speciei
1634 717 1877 744 communes

204 772 399 817 pluribus.
444 772 724 817 Proprietates
746 772 884 808 autem
907 773 1031 807 vocat
1057 771 1226 807 nomina
1253 781 1277 807 a
1305 771 1642 816 proprietatibus.
1670 773 1828 809 scilicet
1853 784 1878 809 a

203 837 345 873 formis
372 837 585 881 aliquibus.
614 838 788 881 sumpta.
827 845 902 881 per
929 845 1035 882 quae
1064 836 1183 872 simul
1213 836 1352 873 iuncta
1380 837 1593 882 singulare
1622 838 1688 873 vel
1717 838 1878 874 univer-

203 902 292 938 sale
320 902 566 938 vocabulum
595 901 823 938 secundum
852 910 939 937 rem
967 901 1197 937 subiectam
1225 902 1536 941 determinatur.
1565 912 1655 938 cum
1684 903 1878 939 videlicet

203 966 254 1002 ad
294 966 620 1003 nominationem
655 966 744 1002 eius
778 976 803 1002 a
836 966 990 1002 ceteris
1028 966 1153 1002 rebus
1193 967 1471 1012 separandam
1513 967 1673 1012 integre
1714 970 1878 1013 sumpta

203 1031 383 1067 maxime
422 1031 635 1067 afferimus
673 1031 889 1071 vocabula.
941 1032 983 1066 ut
1032 1040 1123 1067 cum
1165 1031 1380 1068 Socratem
1420 1041 1445 1068 a
1485 1032 1638 1068 ceteris
1686 1033 1876 1069 omnibus

202 1096 388 1133 dividere
416 1096 618 1133 volumus.
647 1096 840 1132 dicimus:
869 1096 1024 1137 calvus,
1053 1096 1194 1137 simus,
1223 1106 1368 1135 senex.
1400 1096 1507 1133 filius
1538 1097 1796 1142 Sophronici.
1825 1098 1876 1134 ad

202 1161 551 1207 significationem
578 1171 680 1198 vero
707 1161 886 1197 hominis
914 1161 1181 1197 dividendam
1203 1171 1228 1198 a
1249 1164 1482 1198 ceterarum
1505 1162 1878 1208 significationibus

168 1233 176 1244 ³
202 1226 394 1262 dicimus:
416 1226 629 1265 rationale.
652 1226 837 1262 mortale.
882 1225 1098 1263 Vocabula
1119 1228 1256 1263 autem
1277 1226 1557 1272 proprietates
1585 1228 1663 1264 hoc
1690 1228 1781 1264 loco
1809 1238 1877 1264 vo-

202 1301 356 1331 camus.
395 1291 491 1337 quia
525 1291 559 1327 si
593 1291 645 1327 ad
673 1300 809 1327 rerum
838 1293 1026 1327 naturam
1064 1291 1347 1337 respiciamus,
1384 1292 1494 1328 nulla
1528 1292 1606 1328 erit
1632 1293 1876 1338 proprietas,

202 1366 309 1402 quae
346 1357 398 1393 sit
434 1356 618 1393 Socratis
652 1366 760 1402 quae
794 1366 877 1393 non
912 1357 964 1393 sit
1000 1356 1191 1397 hominis,
1228 1356 1293 1392 vel
1328 1366 1435 1402 quae
1463 1357 1515 1393 sit
1548 1357 1735 1398 hominis,
1769 1367 1876 1402 quae

202 1431 285 1458 non
313 1422 367 1458 sit
393 1422 566 1458 alicuius
594 1422 818 1459 hominum.
847 1422 912 1458 vel
940 1431 1047 1466 quae
1076 1422 1128 1457 sit
1155 1422 1386 1458 communis
1414 1422 1610 1467 pluribus.

345 1486 412 1523 Sic
432 1487 646 1523 continua:
674 1486 770 1523 Dixi
789 1487 1002 1523 individua
1021 1487 1072 1522 de
1100 1496 1182 1523 uno
1204 1488 1361 1523 tantum
1383 1487 1628 1532 praedicari,
1656 1489 1697 1523 et
1717 1487 1876 1528 merito,

203 1551 313 1596 quod
351 1560 405 1587 ex
442 1560 492 1587 eo
529 1552 716 1596 apparet,
753 1551 850 1596 quia
885 1551 1164 1596 proprietates
1200 1550 1518 1591 individuorum,
1555 1550 1634 1587 hoc
1666 1553 1778 1593 <est>
1810 1552 1877 1588 illa

201 1616 369 1652 nomina
405 1618 569 1662 sumpta
606 1625 631 1652 a
667 1616 990 1662 proprietatibus
1029 1625 1138 1661 quae
1175 1615 1406 1652 afferuntur
1442 1616 1494 1652 ad
1530 1616 1875 1662 significationem

202 1680 402 1717 individui
429 1681 595 1726 proprie
624 1683 665 1717 et
691 1681 852 1727 integre
881 1681 1250 1717 demonstrandam
1277 1682 1401 1726 atque
1437 1691 1462 1717 a
1497 1681 1649 1717 ceteris
1686 1681 1876 1717 omnibus

200 1730 490 1791 separandam'.
512 1755 736 1791 numquam
758 1745 878 1782 simul
901 1755 1047 1782 omnes
1069 1746 1137 1781 alii
1158 1746 1424 1786 conveniunt,
1446 1745 1543 1791 quia
1563 1746 1721 1782 scilicet
1741 1747 1875 1782 nullus

200 1810 305 1846 alius
332 1810 553 1850 invenitur.
587 1810 655 1856 qui
689 1811 742 1847 sit
777 1811 933 1851 calvus,
969 1810 1097 1846 simus
1126 1812 1202 1846 etc.
1253 1809 1301 1846 Et
1335 1810 1431 1847 licet
1467 1811 1542 1847 sub
1578 1811 1761 1848 illatione
1797 1811 1875 1847 hoc

146 1885 162 1910 2
201 1884 254 1912 ex
283 1875 568 1921 superioribus
602 1876 787 1920 pendere
821 1875 1023 1917 videatur,
1061 1877 1202 1912 tamen
1238 1875 1290 1912 ad
1324 1876 1613 1921 probationem
1650 1876 1875 1922 superioris

199 1941 240 1977 in
268 1950 397 1977 sensu
424 1941 600 1986 ponitur,
628 1942 671 1976 ut
698 1940 830 1986 magis
858 1940 963 1976 haec
990 1940 1227 1977 coniunctio
1255 1941 1333 1977 hoc
1360 1941 1452 1977 loco
1480 1941 1796 1986 comprobativa
1823 1942 1876 1978 sit

199 2013 322 2050 quam
341 2004 507 2045 illativa.
535 2004 641 2041 sicut
659 2004 902 2049 frequenter
922 2006 1006 2040 tam
1032 2005 1074 2040 in
1100 2004 1384 2041 Prisciano¹
1414 2014 1535 2050 quam
1558 2005 1655 2042 alibi
1682 2006 1872 2042 habetur.

200 2068 319 2110 Quod
334 2071 473 2106 autem
489 2069 702 2106 individua
722 2071 917 2106 constare
933 2069 1078 2111 <dicit>
1099 2079 1154 2106 ex
1174 2069 1510 2115 proprietatibus,
1532 2070 1614 2107 tale
1634 2073 1698 2106 est
1719 2071 1874 2107 habere

199 2134 443 2171 naturaliter
469 2136 528 2171 tot
554 2134 855 2181 proprietatum
882 2134 1148 2180 [animarum]
1180 2135 1360 2177 nomina,
1390 2145 1498 2181 quae
1525 2135 1623 2171 nulli
1651 2135 1718 2172 alii
1755 2136 1875 2172 simul

200 2209 276 2246 per
301 2200 658 2246 praedicationem
685 2199 820 2246 aptari
848 2201 1013 2245 queant.

342 2265 618 2302 Notandum
646 2274 759 2305 vero,
788 2265 898 2310 quod
932 2274 985 2301 ex
1018 2265 1096 2301 hoc
1132 2265 1234 2307 loco,
1272 2265 1341 2302 ubi
1373 2265 1534 2302 scilicet
1572 2266 1628 2302 ait
1663 2266 1876 2302 individua

199 2331 394 2367 constare
438 2339 492 2366 ex
530 2330 868 2376 proprietatibus.
914 2330 1114 2375 quidam
1155 2331 1409 2367 convincunt
1452 2331 1510 2367 ita
1549 2330 1762 2367 individua
1800 2340 1875 2376 per

200 2395 434 2432 accidentia
460 2395 581 2437 effici,
618 2395 724 2431 sicut
750 2395 915 2440 species
943 2404 1018 2440 per
1044 2394 1316 2436 differentias,
1351 2395 1430 2431 nisi
1465 2395 1575 2441 quod
1611 2395 1873 2432 differentiae

200 2460 529 2496 substantialiter
564 2460 799 2501 informant.
835 2460 1069 2497 accidentia
1104 2469 1206 2497 vero
1242 2470 1338 2497 non.
1390 2460 1472 2497 Sed
1511 2463 1651 2498 tamen
1691 2463 1732 2497 et
1770 2461 1874 2497 acci-

201 2525 342 2563 dentia
370 2525 582 2561 individua
609 2525 764 2562 faciunt
791 2527 838 2562 et
868 2535 919 2562 ea
947 2534 1111 2571 quoque
1146 2525 1185 2561 in
1220 2526 1388 2562 nomine
1421 2526 1663 2562 individuali
1702 2526 1875 2572 intelligi

200 2590 354 2631 volunt,
377 2590 482 2626 sicut
498 2590 712 2630 rationale,
735 2591 908 2626 mortale
927 2590 966 2626 in
982 2590 1150 2627 nomine
1167 2591 1350 2636 speciali.
1378 2590 1497 2627 Unde
1520 2593 1561 2627 et
1582 2590 1872 2627 Priscianus

200 2655 368 2700 propria
396 2655 563 2691 nomina
583 2655 636 2692 ad
658 2654 992 2702 [significandas]
1014 2655 1295 2701 designandas
1315 2655 1592 2700 proprietates
1613 2655 1870 2700 respondere

200 2720 334 2756 dicit‘-'.
387 2719 506 2760 Quod
543 2720 667 2756 etiam
701 2730 755 2757 ex
793 2720 872 2757 hoc
910 2721 1164 2765 comprobat,
1193 2721 1302 2766 quod
1340 2730 1431 2756 cum
1459 2721 1628 2756 Aeneas
1655 2721 1743 2756 viso
1771 2720 1873 2756 Mar-

344 2820 362 2850 5
387 2820 475 2860 post
495 2819 628 2851 dictum
650 2818 738 2850 aad.
761 2818 788 2851 A
817 2820 873 2851 est
900 2828 972 2851 om.
997 2819 1078 2857 1121,
1177 2819 1195 2851 7
1224 2818 1396 2851 dividitur
1418 2818 1466 2856 A2
1493 2819 1686 2850 dividimus
1716 2819 1743 2850 A
1797 2818 1872 2850 uni-

199 2886 266 2911 cae
294 2878 342 2916 ΑΒ
368 2878 548 2911 univocae
575 2877 604 2910 A
718 2879 756 2910 11
787 2878 1034 2919 separandam
1064 2879 1111 2916 A2
1137 2877 1385 2918 superandam
1415 2878 1443 2909 A
1563 2878 1602 2910 14
1630 2879 1812 2910 certarum
1841 2878 1868 2908 A

200 2937 244 2969 20
274 2937 369 2977 quod
393 2938 441 2975 A2
468 2937 554 2977 quia
577 2936 636 2968 AL
710 2936 778 2968 hoc
799 2934 918 2977 <est>]
940 2937 973 2969 id
994 2938 1050 2969 est
1071 2936 1097 2969 L
1196 2936 1237 2968 23
1267 2934 1368 2976 quia]
1395 2936 1516 2973 Quare
1539 2936 1568 2968 A
1692 2936 1735 2968 :25
1763 2944 1871 2977 supe-

199 2997 285 3028 riori
315 2997 343 3027 A
469 2996 507 3027 31
540 2993 615 3035 ubi]
643 2997 679 3027 ut
707 2999 735 3027 A
861 2996 903 3028 32
931 2996 1140 3028 conviciunt
1169 2996 1195 3027 A
1297 2996 1338 3027 34
1368 2993 1505 3035 tamen]
1533 2997 1669 3028 tantum
1702 2997 1726 3027 A

343 3060 352 3082 ¹
381 3061 530 3097 Prisc..
560 3060 648 3093 [πει.
676 3069 839 3100 yromm.
868 3060 923 3093 ed.
952 3060 1083 3093 Hertz
1112 3060 1148 3098 ll.
1180 3059 1278 3092 101⁶.

340 3119 355 3142 “²
380 3120 528 3157 Prisc..
557 3120 579 3153 I.
607 3129 634 3152 c.
663 3119 700 3158 11,
730 3129 763 3160 p.
794 3115 978 3157 1233-12;
1007 3120 1049 3152 cs.
1078 3119 1100 3158 Ι,
1129 3118 1225 3152 532⁶.

351 512 579 548 lndividua
627 520 737 556 erqo.
800 511 911 548 Dixit
957 511 1169 547 individua
1208 511 1258 547 de
1299 521 1380 547 uno
1422 512 1664 557 praedicari.
1704 514 1870 558 species
1902 490 2057 581 ἓξὲξ,
