2200 3387
370 241 438 274 12«)
797 241 902 272 l'eter
929 240 1132 272 Abaelards
1162 239 1293 279 liogica
1321 237 1644 279 ,Ingredientibus‘.

368 337 621 373 definitionis
651 336 908 371 substantiae
938 336 1103 371 omnino
1127 336 1372 371 removeret.
1401 334 1489 370 sive
1512 335 1709 378 quantum
1731 334 1781 369 ad
1806 334 1900 369 illud
1922 344 2029 369 com-

371 412 490 437 mune
529 411 689 437 nomen.
729 401 817 435 sive
852 402 1046 444 quantum
1076 400 1126 435 ad
1155 399 1245 436 alia.
1283 409 1365 434 non
1394 398 1582 434 omnibus
1611 398 1851 443 aequivocis
1880 395 2029 434 conve'-

367 467 483 502 niret.
521 466 672 510 quippe
710 475 776 500 res
815 474 942 509 saepe
980 474 1087 508 quae
1116 464 1191 499 sul)
1220 473 1299 498 uno
1328 463 1493 498 nomine
1523 464 1617 498 sunt
1645 462 1915 507 aequivocae,
1953 463 2028 498 sub

367 531 447 565 alio
477 533 570 565 sunt
599 530 814 565 univocae.
844 530 967 564 veluti
995 532 1079 564 tres
1107 528 1436 572 significationes
1465 527 1579 563 canis
1602 529 1641 562 et
1665 528 1740 562 sub
1763 528 1840 562 hoc
1862 526 2027 562 nomine

367 595 482 630 canis
522 595 779 639 aequivocae
818 596 913 629 sunt
940 596 980 629 et
1007 595 1082 628 sub
1113 594 1188 628 lioc
1218 592 1384 628 nomine
1412 602 1563 636 corpus
1591 593 1654 628 vel
1684 591 1916 627 substantia
1943 591 2028 626 uni-
2047 603 2063 626 5

369 670 509 695 vocae.
563 660 785 694 Praeterea
813 659 844 693 si
871 659 1054 694 dieamus
1076 658 1236 693 ratione
1259 657 1515 692 substantiae
1539 657 1745 692 diversam
1768 655 2027 692 affirmative.

368 727 407 759 ut
437 725 626 759 videlicet
665 724 852 759 diversas
889 723 1153 758 definitiones
1188 722 1320 757 cidem
1357 722 1511 757 nomini
1540 721 1830 765 relinquamus,
1867 720 2029 756 videtur

368 789 542 823 nominis
577 798 725 823 nomen
762 787 1147 832 aequivocationem
1178 787 1344 823 habere.
1383 786 1491 831 quod
1519 787 1559 821 et
1586 786 1705 821 istam
1734 786 1860 821 habet
1887 785 2028 821 defini-

364 854 517 889 tionem
549 854 709 889 ,animal
739 853 940 888 rationale
970 852 1154 888 mortale*
1184 854 1223 887 et
1251 852 1421 896 insuper
1450 851 1611 887 ,animal
1639 850 1858 895 gressibile
1886 850 2027 894 bipes,

363 928 468 962 quae
497 918 659 962 quidem
684 918 721 953 in
746 927 872 953 sensu
894 918 1086 953 diversae
1110 918 1214 953 sunt.
1243 917 1338 952 licet
1366 925 1432 951 res
1455 916 1621 951 easdem
1645 915 1894 955 contineant,
1923 923 2025 959 quas
2050 925 2080 949 10

362 983 519 1018 scilicet
557 983 767 1018 definitum
807 983 1049 1018 vocabulum
1090 982 1284 1017 nominat.
1337 981 1387 1016 At
1421 990 1520 1016 vero
1560 990 1650 1016 cum
1690 980 1883 1025 negative
1922 979 2026 1015 acci-

365 1048 508 1091 pimus
538 1048 645 1082 nulla
674 1048 918 1091 relinquitur
945 1047 1134 1082 obiectio.

504 1112 625 1147 Nota
662 1114 797 1147 autem
829 1113 943 1156 plura
972 1112 1174 1147 vocabula
1212 1111 1441 1155 aequivoce
1474 1110 1717 1155 praedicari,
1751 1119 1858 1154 quae
1886 1109 2024 1153 aequi-

361 1175 621 1210 vocationem
652 1186 731 1211 non
771 1176 932 1211 liabent.
971 1176 1094 1210 veluti
1134 1176 1222 1213 ‚hoc
1254 1176 1384 1214 forte‘.
1418 1175 1527 1219 quod
1561 1176 1625 1209 est
1653 1183 1803 1210 nomen
1831 1173 2023 1213 Socratis,

360 1240 447 1275 sive
477 1243 645 1284 propter
666 1240 776 1276 vires
799 1240 887 1275 sive
908 1242 1076 1284 propter
1096 1240 1172 1275 hoc
1195 1240 1303 1284 quod
1325 1240 1503 1275 animam
1525 1239 1672 1274 fortem
1694 1239 1857 1279 habeat,
1884 1239 2023 1283 aequi—
2047 1255 2078 1281 15

362 1314 463 1340 voce
501 1305 551 1340 de
589 1305 678 1349 ipso
717 1305 872 1340 dICitur.
913 1314 1005 1340 cum
1043 1304 1220 1339 diversis
1263 1303 1572 1339 definitionibus
1611 1303 1909 1339 determinetur
1948 1312 2025 1339 nec

360 1371 497 1403 tamen
525 1369 575 1404 ad
605 1369 737 1413 ipsum
760 1368 1150 1412 aequivocationem
1175 1368 1308 1403 liabet.
1337 1377 1427 1404 cum
1450 1377 1531 1403 non
1556 1367 1607 1402 sit
1629 1376 1856 1402 commune.
1911 1366 2024 1403 Simi-

361 1433 452 1469 liter
488 1434 716 1469 subiectum
755 1444 827 1478 pro
867 1433 1102 1478 significato
1132 1438 1171 1468 et
1199 1433 1428 1468 subiectum
1459 1441 1529 1476 pro
1558 1432 1825 1468 fundamento
1854 1431 1904 1467 de
1931 1431 2022 1476 ipso

361 1496 531 1532 Socrate
559 1497 790 1541 aequivoce
819 1497 966 1532 dicitur
988 1507 1063 1532 nec
1084 1499 1221 1532 tamen
1245 1497 1449 1541 adipsum
1473 1495 1858 1540 aequivocationem
1887 1495 2022 1535 habet,

331 1584 335 1588 ⁴
360 1571 450 1596 cum
490 1565 659 1606 propter
695 1562 825 1606 ipsum
865 1571 1080 1597 commune
1109 1571 1188 1597 non
1219 1562 1280 1597 sit.
1332 1561 1557 1596 Commune
1587 1560 1693 1596 enim
1722 1570 1805 1595 non
1832 1560 1910 1595 nisi
1937 1560 2021 1604 plu-
2041 1577 2075 1601 20

360 1626 472 1661 ribus
510 1636 605 1661 esse
643 1628 789 1671 potest.
842 1626 899 1661 Ex
938 1637 1018 1671 quo
1056 1628 1229 1671 apparet
1257 1626 1440 1661 Socratis
1476 1635 1626 1661 nomen
1664 1625 1702 1660 in
1732 1624 2023 1669 designatione

360 1689 477 1725 unius
506 1692 660 1725 tantum
689 1693 916 1734 acceptum.
955 1700 1043 1725 cum
1074 1700 1155 1725 non
1184 1690 1235 1725 sit
1263 1698 1490 1726 commune.
1528 1698 1605 1724 nec
1637 1689 1912 1733 aequivocum
1941 1687 2019 1723 dici

360 1764 436 1790 nec
466 1755 695 1790 univocum.

505 1820 549 1854 (ft
589 1820 760 1854 (minias
801 1821 939 1855 Immo.
1004 1819 1291 1865 Exemplificat
1331 1820 1381 1855 de
1421 1819 1663 1863 aequivocis
1704 1828 1777 1863 per
1814 1817 2021 1854 hominem

360 1892 499 1918 verum
532 1885 571 1918 et
598 1883 761 1927 pictum.
799 1893 906 1927 quae
933 1884 1011 1919 hoc
1041 1893 1189 1919 nomen
1219 1883 1370 1919 animal
1397 1883 1626 1928 aequivoce
1658 1883 1822 1923 habent,
1860 1882 2019 1917 dicens:
2041 1894 2074 1919 25

361 1950 403 1982 nt
441 1949 580 1989 Immo,
618 1958 740 1984 verus
778 1948 945 1984 scilicet.
983 1951 1018 1983 (Ἰ
1056 1949 1171 1993 qum!
1205 1949 1414 1993 pimsitm·5
1450 1948 1597 1984 dicitur
1632 1948 1793 1983 animal.
1853 1947 2013 1983 Horum

355 2013 480 2047 enim
533 2012 803 2048 Commendat
833 2013 1081 2057 exemplum.
1119 2023 1167 2049 ac
1201 2013 1235 2048 si
1263 2013 1436 2048 diceret:
1474 2013 1632 2048 Bonum
1661 2013 1894 2057 exemplum
1923 2011 2016 2047 dedi

358 2086 431 2121 per
466 2077 544 2112 ista
581 2078 631 2113 de
668 2077 919 2121 aequivocis.
957 2078 1051 2122 quia
1087 2077 1242 2113 scilicet
1278 2078 1358 2113 ista
1394 2079 1489 2112 sunt
1524 2078 1764 2121 aequivoca.
1816 2077 1850 2112 A
1878 2085 2014 2112 causa.

357 2141 472 2181 Quod
495 2144 630 2177 autem
654 2143 732 2177 sint
758 2142 988 2186 aequivoca
1009 2143 1083 2177 sub
1107 2142 1183 2177 hoc
1205 2142 1371 2177 nomine
1393 2142 1556 2178 animal.
1580 2142 1760 2178 ostendit
1781 2151 1856 2186 per
1876 2141 2016 2177 defini-

356 2205 510 2241 tionem
539 2207 873 2250 aequivocorum.
902 2208 1044 2243 dicens
1073 2208 1230 2243 scilicet
1257 2207 1323 2243 illa
1348 2208 1502 2243 habere
1524 2208 1602 2243 hoc
1625 2217 1775 2243 nomen
1798 2215 2014 2243 commune
2035 2218 2070 2241 30
2123 2222 2127 2225 -

357 2271 464 2314 quod
494 2272 554 2306 est
582 2272 731 2307 animal
762 2274 801 2307 et
830 2282 911 2307 non
940 2273 1115 2308 eandem
1139 2272 1423 2308 definitionem
1445 2272 1672 2308 secundum
1694 2272 1800 2307 illud.
1851 2271 1896 2307 Sz·
1923 2271 2018 2316 quis

356 2336 481 2370 enlm.
543 2335 650 2371 Vere
688 2346 769 2371 non
809 2337 996 2373 eandem.
1037 2337 1131 2381 quia
1171 2337 1360 2373 diversas
1397 2338 1566 2372 tantum.
1629 2336 1746 2377 Quod
1782 2336 1930 2381 probat
1964 2336 2015 2372 ab

358 2399 519 2435 effectu.
556 2400 651 2444 quia
687 2401 881 2436 videlicet
917 2402 1183 2446 assignantur
1220 2402 1280 2437 eis
1317 2402 1510 2437 diversae
1539 2401 1814 2437 definitiones.
1864 2401 1912 2436 Et
1940 2402 2016 2437 hoc

357 2467 435 2499 est:
475 2465 511 2499 .ςὶ
539 2465 701 2509 aliquis
726 2466 923 2508 ass-issreet,
950 2466 989 2501 id
1018 2468 1080 2501 est
1108 2467 1374 2503 demonstret.
1403 2466 1497 2510 quid
1527 2468 1590 2502 est
1617 2468 1833 2510 utrumque
1861 2475 2014 2505 eorum,

356 2531 437 2563 tam
466 2539 589 2564 verus
607 2529 763 2565 scilicet
792 2531 911 2566 homo
929 2540 1049 2575 quam
1066 2531 1209 2575 pictus.
1227 2531 1266 2566 in
1289 2540 1339 2566 eo
1362 2531 1470 2575 quod
1493 2531 1574 2566 sint
1588 2531 1791 2571 animalia,
1807 2531 2013 2576 propriam
2034 2540 2068 2565 35

355 2594 635 2629 definitionem
666 2595 883 2639 unicuique
906 2595 1027 2630 dabit.
1056 2595 1198 2631 dicens
1227 2596 1384 2631 scilicet
1404 2605 1547 2631 verum
1571 2604 1666 2631 esse
1688 2596 1894 2631 hominem
1922 2597 2014 2631 sub-

356 2658 547 2693 stantiam
577 2659 799 2694 animatam
828 2660 1074 2695 sensibilem.
1104 2660 1302 2704 picturam
1330 2670 1431 2696 vero
1459 2660 1800 2696 assimilationem
1825 2661 2014 2696 substan-

357 2722 437 2757 tiae
465 2723 673 2758 animatae
702 2724 922 2759 sensibilis.

497 2787 757 2823 Sciendum
788 2798 898 2825 vero.
934 2790 1040 2833 quod
1075 2790 1397 2834 aequivocorum
1427 2790 1508 2825 alia
1536 2790 1638 2825 fiunt
1666 2799 1776 2827 casu.
1811 2790 1891 2826 alia
1918 2799 2012 2826 con-

357 2852 445 2887 silio
463 2855 483 2886 ¹.
537 2852 643 2887 Casu
674 2862 849 2897 namque
878 2854 1088 2898 contingit,
1118 2856 1158 2889 ut
1185 2864 1265 2898 quo
1288 2855 1454 2890 nomine
1476 2856 1647 2890 vocatur
1668 2864 1772 2890 unus
1794 2855 1902 2899 apud
1921 2863 2010 2895 nos,
2031 2867 2065 2892 40

356 2919 524 2951 vocetur
551 2917 654 2952 alius
682 2917 789 2961 apud
825 2918 1034 2954 barbaros
1072 2918 1148 2953 illis
1185 2919 1348 2963 quidem
1386 2919 1670 2964 ignorantibus
1705 2919 2009 2964 impositionem

496 3032 536 3059 :5⁵5
566 3040 596 3061 a.
625 3039 652 3061 s.
681 3030 705 3061 Α
808 3032 850 3062 39
878 3031 904 3062 Α
936 3031 972 3062 lu
1003 3032 1193 3069 litamine:
1219 3032 1474 3071 aequivocatio
1503 3033 1542 3063 fit
1569 3033 1708 3064 (luobus
1735 3033 1850 3064 modis

496 3098 502 3119 ¹
534 3100 679 3131 Hoeth.
709 3100 730 3130 l.
759 3110 796 3135 (a,
826 3109 858 3139 p.
890 3101 954 3132 166
973 3101 1006 3131 Β.
