2200 3387
569 222 596 252 1.
626 220 690 252 Die
717 220 872 252 Glossen
901 229 944 253 zu
974 220 1206 261 Porphyrius.
1235 239 1277 242 Η
1307 221 1357 253 lle
1385 222 1521 262 specie.
1834 220 1880 254 59

211 317 439 352 secundum
480 316 707 362 simplicem
745 317 1066 353 constructionis
1100 317 1441 354 enuntiationem.
1482 327 1624 355 verum
1655 318 1790 363 potius
1817 329 1880 355 se—

211 381 389 417 cundum
419 381 547 426 ipsius
576 382 939 419 inhaerentiae
973 382 1265 419 veritatem.
1307 383 1533 419 secundum
1568 393 1689 428 quam
1723 383 1881 419 scilicet

211 446 361 482 animal
390 446 441 483 de
463 447 628 483 homine
649 447 882 492 praedicari
898 446 1056 486 dicitur,
1085 456 1166 482 non
1189 447 1311 482 etiam
1336 447 1449 492 lapis.
1472 458 1561 483 cum
1586 449 1664 484 hoc
1685 448 1880 484 videlicet

211 521 361 548 nomen
392 512 544 548 homini
573 512 781 548 veraciter
807 512 1085 557 coniungibile
1113 512 1176 549 sit.
1206 512 1303 548 illud
1332 522 1432 548 vero
1462 513 1640 548 minime.

179 582 194 606 ⁵
359 576 430 613 Hic
451 578 590 613 autem
614 577 823 613 secundus
845 577 993 613 modus
1016 577 1055 613 in
1079 577 1405 622 praedicatione.
1428 580 1624 622 quantum
1648 578 1805 614 seilicet
1826 578 1877 614 ad

212 641 429 678 veritatem
469 642 768 681 inhaerentiae.
810 643 948 687 plures
985 642 1090 679 alios
1119 642 1263 678 modos
1297 643 1374 678 sub
1408 652 1454 679 se
1482 642 1677 678 continet.
1729 642 1877 678 Eorum

211 706 319 742 enim
349 716 456 751 quae
484 706 535 743 de
563 707 654 743 aliis
681 707 980 752 praedicabilia
1001 708 1106 745 sunt.
1135 708 1385 752 quaedam
1408 708 1459 743 de
1483 707 1542 743 eis
1563 709 1606 743 ut
1634 708 1685 743 de
1708 717 1878 752 prorsus

210 771 418 808 contentis
447 772 752 817 praedicantur.
781 772 887 808 sicut
914 772 1073 808 maiora
1100 772 1164 808 vel
1195 772 1399 817 aequalia.
1428 781 1536 817 quae
1556 774 1683 808 totam
1705 772 1879 808 subiecti

210 836 371 872 termini
408 836 734 873 nominationem
770 837 995 873 continent.
1048 837 1158 874 Alia
1185 847 1286 873 vero
1322 837 1488 873 minime
1517 839 1560 873 ut
1586 838 1637 873 de
1671 837 1880 873 contentis

159 905 191 930 10
210 901 504 946 praedicantur
525 902 576 937 de
599 901 662 937 his
678 902 729 938 de
752 902 898 947 quibus
915 912 1015 939 vere
1037 902 1315 943 enuntiantur,
1339 902 1445 938 sicut
1465 902 1628 947 species
1651 902 1702 938 de
1724 911 1880 947 genere

210 966 515 1011 particulariter
541 967 605 1003 vel
635 967 805 1004 definite
833 968 898 1003 vel
927 968 1140 1004 excedens
1169 968 1232 1003 vel
1262 977 1483 1004 excessum
1512 968 1563 1004 de
1591 967 1813 1003 excedenti
1841 970 1882 1003 et

210 1040 400 1067 excesso.
454 1031 570 1071 Quae
599 1041 700 1068 vero
729 1032 779 1068 dc
807 1032 946 1077 aliquo
975 1034 1017 1068 ut
1050 1033 1102 1069 de
1130 1034 1327 1068 contento
1355 1041 1455 1068 vere
1490 1031 1794 1077 praedicantur.
1829 1031 1881 1068 de

209 1095 300 1142 ipso
340 1098 382 1132 ut
415 1096 466 1132 de
503 1096 652 1132 minori
679 1097 719 1133 in
747 1097 845 1142 quid
873 1094 1179 1142 praedicantur,
1220 1098 1263 1132 ut
1289 1097 1443 1132 animal
1471 1097 1522 1132 de
1556 1096 1734 1136 homine,
1762 1094 1879 1141 [non]

210 1161 261 1197 de
289 1160 462 1198 Socrate
490 1171 591 1198 vero
619 1171 713 1198 non.
766 1161 813 1199 Et
839 1163 918 1199 hoc
945 1163 1112 1208 quidem
1141 1162 1276 1202 modo,
1305 1171 1385 1207 quo
1413 1162 1586 1198 alterum
1611 1161 1661 1198 de
1683 1161 1816 1197 altero
1838 1163 1881 1197 ut

158 1234 189 1260 15
210 1226 261 1262 de
303 1225 451 1262 minori
486 1226 527 1262 in
561 1226 658 1272 quid
691 1227 970 1272 praedicatur,
1010 1227 1348 1264 Aristoteles¹
1390 1226 1564 1272 primam
1605 1226 1880 1262 substantiam

211 1290 445 1335 praedicari
472 1292 610 1336 negat.

354 1355 526 1392 Videtur
553 1356 692 1402 itaque
720 1365 773 1393 ex
802 1366 878 1393 usu
906 1359 1122 1393 auctorum
1159 1356 1392 1402 praedicari
1427 1356 1655 1392 secundum
1689 1354 1881 1391 diversas

210 1421 542 1467 significationes
563 1422 795 1467 aequivoce
817 1422 934 1463 sumi,
956 1432 1029 1458 mo
1043 1422 1101 1458 do
1124 1421 1283 1458 scilicet
1304 1421 1419 1467 large
1435 1422 1633 1466 quantum
1661 1420 1712 1456 ad
1742 1429 1881 1465 quam-

209 1486 309 1523 libet
335 1487 675 1527 enuntiationem.
703 1487 852 1524 modo
872 1487 1054 1524 strictius
1082 1487 1135 1524 ad
1162 1486 1451 1523 inhaerentiae
1471 1485 1703 1525 veritatem,
1731 1485 1881 1522 modo

155 1559 190 1585 20
210 1552 333 1597 paulo
355 1552 548 1593 strictius.
571 1554 769 1598 quantum
792 1553 844 1589 ad
866 1553 935 1589 illa
956 1562 1062 1598 quae
1084 1553 1135 1589 de
1157 1551 1385 1588 minoribus
1408 1551 1448 1588 in
1470 1551 1567 1597 quid
1588 1550 1883 1596 praedicantur

210 1618 253 1652 ut
292 1617 343 1653 de
383 1618 589 1654 contentis
618 1618 846 1654 secundum
883 1619 991 1654 hunc
1030 1618 1165 1654 locum
1211 1616 1479 1663 Prophyrii
1518 1616 1658 1663 [modo
1699 1615 1881 1652 strictius

210 1683 408 1726 quantum
447 1682 498 1718 ad
528 1682 597 1718 illa
623 1691 732 1727 quae
760 1683 810 1719 de
838 1682 1066 1719 minoribus
1093 1682 1134 1718 in
1162 1681 1259 1727 quid
1288 1679 1611 1727 praedicantur}
1652 1680 1881 1717 secundum

210 1745 320 1791 quod
347 1745 661 1783 Aristoteles
689 1746 903 1783 individua
929 1745 1174 1792 praedicari.
1202 1747 1246 1781 ut
1274 1745 1464 1785 diximus,
1492 1746 1630 1791 negat.

351 1811 467 1848 Nunc
488 1813 625 1848 autem
649 1812 700 1848 de
722 1812 954 1848 veritate
976 1810 1413 1857 praedicationis
1435 1819 1570 1856 pauca
1591 1810 1881 1855 perquiramus

156 1892 190 1918 25
211 1878 252 1912 et
285 1885 391 1921 quae
429 1876 537 1913 obici
577 1877 724 1915 solent.
765 1879 805 1913 et
841 1886 1045 1922 ponamus
1081 1878 1122 1913 et
1158 1876 1449 1912 dissolvamus.
1510 1874 1733 1916 Quaeritur
1771 1875 1881 1911 enim

210 1951 301 1979 cum
330 1951 462 1988 genus
491 1943 541 1978 de
569 1943 709 1988 specie
737 1943 1004 1988 praedicatur
1031 1943 1095 1978 vel
1131 1951 1258 1978 voces
1296 1941 1491 1978 diversae
1529 1940 1765 1977 sententiae
1805 1939 1882 1976 sibi

210 2007 525 2053 coniunguntur.
551 2007 759 2052 quomodo
782 2017 883 2044 vera
904 2017 1001 2044 esse
1023 2007 1157 2053 possit
1178 2006 1419 2047 enuntiatio,
1447 2015 1538 2042 cum
1567 2005 1730 2042 dicitur:
1760 2006 1882 2041 homo

161 2106 170 2112 ,
211 2074 276 2109 est
307 2071 471 2112 animal.
509 2073 631 2108 homo
668 2074 733 2108 est
765 2072 895 2109 albus.
926 2072 1108 2117 'Quippe
1136 2071 1235 2118 [est]
1262 2071 1386 2107 homo
1413 2071 1502 2114 <in>
1530 2080 1580 2107 eo
1607 2072 1766 2107 tantum
1794 2079 1882 2106 rem

211 2136 396 2173 nominat
417 2137 526 2182 quod
555 2138 676 2173 homo
705 2138 780 2175 est.
808 2137 945 2173 album
972 2146 1074 2173 vero
1101 2136 1142 2173 in
1165 2145 1216 2173 eo
1238 2135 1488 2181 simpliciter,
1516 2135 1625 2180 quod
1647 2135 1784 2171 album
1807 2136 1881 2171 est.

155 2212 190 2237 30
211 2201 252 2238 Si
286 2201 395 2238 enim
428 2201 469 2237 in
496 2201 576 2238 ista
609 2201 855 2247 acceptione
882 2211 1010 2238 voces
1044 2201 1120 2237 sibi
1148 2201 1454 2246 coniunguntur
1485 2209 1560 2245 per
1594 2201 1692 2241 ‚est·‚
1720 2199 1884 2236 videtur

211 2265 276 2302 hic
309 2274 406 2302 esse
440 2274 601 2304 sensus.
639 2266 747 2310 quod
788 2265 828 2301 in
869 2267 1066 2310 quantum
1105 2266 1169 2301 cst
1196 2266 1331 2304 homo,
1360 2264 1412 2300 sit
1438 2264 1569 2304 albus,
1597 2263 1707 2309 quod
1734 2264 1882 2300 falsum

212 2331 287 2367 est.
338 2329 415 2366 Vel
442 2339 533 2366 cum
561 2330 713 2366 animal
742 2339 828 2367 rem
856 2330 1098 2375 simpliciter
1123 2329 1163 2366 in
1191 2339 1242 2366 eo
1264 2330 1390 2370 notet,
1419 2329 1529 2374 quod
1551 2330 1616 2365 est
1636 2328 1883 2368 substantia,

211 2394 402 2432 animalis
440 2394 610 2434 scilicet.
651 2396 774 2431 homo
808 2404 908 2431 vero
946 2394 987 2430 in
1025 2404 1075 2431 eo
1104 2395 1213 2439 quod
1241 2396 1306 2431 est
1333 2393 1561 2434 rationalis,
1595 2393 1691 2430 inde
1719 2393 1884 2429 videtur

212 2459 276 2496 hic
304 2459 545 2498 enuntiatio.
574 2469 655 2504 qua
682 2459 846 2496 dicitur:
874 2459 997 2495 homo
1025 2461 1090 2496 est
1116 2459 1281 2499 animal,
1309 2458 1476 2495 omnino
1504 2458 1622 2497 falsa,
1644 2467 1697 2494 ne
1725 2457 1884 2494 scilicet

157 2537 191 2561 as,
211 2524 389 2563 dicatur:
418 2524 570 2561 animal
586 2524 818 2562 formatum.
840 2524 1120 2561 rationalitate
1141 2524 1300 2560 scilIcet
1316 2525 1356 2560 et
1371 2523 1634 2561 mortalitate.
1651 2525 1714 2559 est
1730 2523 1883 2559 animal

211 2583 389 2629 simplex
416 2586 458 2620 et
484 2583 671 2620 informe.

355 2648 398 2685 Si
426 2649 518 2694 quis
545 2651 685 2685 autem
714 2649 825 2685 dicat
845 2649 1011 2686 animal.
1039 2648 1206 2694 quando
1236 2648 1389 2684 homini
1417 2648 1645 2693 copulatur.
1678 2656 1761 2683 non
1790 2647 1883 2683 sim-

213 2713 372 2759 pliciter
386 2713 503 2755 sumi,
523 2714 596 2750 sed
611 2714 767 2750 formas
783 2723 948 2759 quoque
965 2713 1184 2750 inferiores
1201 2713 1491 2750 determinare.
1514 2714 1657 2758 utpote
1680 2712 1883 2748 rationale

359 2847 371 2878 1
403 2845 544 2885 verum]
565 2826 648 2879 num
667 2847 695 2878 A
799 2849 839 2879 10
867 2849 912 2880 de
939 2848 995 2880 his
1023 2848 1168 2888 quidem
1198 2847 1329 2887 quibus
1358 2847 1520 2887 quinque
1541 2855 1628 2878 vere
1647 2846 1674 2877 A
1721 2843 1883 2886 species}
1939 2877 1942 2879 ,

214 2907 338 2947 plures
360 2905 387 2938 A
508 2906 548 2937 16
576 2908 687 2947 neget
705 2907 731 2937 ,1
850 2908 890 2939 21
920 2907 1095 2939 Porlirius
1122 2906 1152 2938 A
1264 2906 1370 2938 21-22
1399 2905 1816 2945 modo—praedicantur
1842 2913 1884 2937 et

212 2964 478 3006 dietoqraphia
500 2965 698 3005 irrepsisse
719 2964 895 2997 videntur
979 2966 1022 2997 25
1044 2962 1253 3004 Quaeritur]
1275 2965 1396 3000 Quare
1415 2964 1441 2995 A
1519 2964 1562 2996 28
1582 2965 1639 2996 est
1658 2963 1765 2996 homo
1786 2971 1830 2996 eo
1853 2963 1882 2994 A

214 3025 257 3057 29
286 3023 382 3064 quod
399 3021 425 3062 ι1
455 3032 563 3064 quam
589 3024 615 3054 Α
716 3023 759 3055 34
788 3021 943 3063 scilicet}
970 3024 1001 3056 si
1032 3025 1058 3055 A
1160 3023 1202 3055 37
1231 3022 1387 3054 hominis
1416 3023 1443 3053 ,1

357 3093 366 3115 ¹
396 3093 558 3132 fluctu,
586 3093 628 3126 Iu
658 3094 782 3133 Galea.
812 3093 925 3126 Arist.
954 3094 1009 3126 PL
1035 3094 1090 3132 64,
1122 3095 1181 3125 181
1202 3093 1241 3125 D.
