2200 3387
162 2161 294 2195 noelli.

141 2219 174 2250 p.
187 2208 294 2242 34012·

160 2360 290 2395 noelli.

135 2418 169 2450 p.
181 2408 244 2441 :lli
259 2411 285 2431 '-'¹

334 216 398 248 ills*
730 219 836 250 l'eter
863 219 1065 251 Abaelards
1094 221 1225 260 Logia-a
1255 221 1577 261 ingredientibus&

546 267 554 284 Ι

327 314 481 357 sprce'rs
501 324 675 357 svmpae'r.
717 314 755 349 Si
780 318 999 359 peractum
1024 317 1247 361 accipimus
1270 316 1568 354 inhaerentiam
1586 319 1739 363 speciei
1762 322 1802 355 et
1823 321 1986 365 proprii.

329 381 543 422 utrumque
578 388 743 423 semper
776 382 867 415 actu
907 381 1023 418 inest.
1064 382 1158 425 quia
1195 381 1390 418 Socrates
1428 383 1532 418 sicut
1569 392 1736 427 semper
1771 385 1987 421 actualiter

328 443 448 476 bomo
477 446 550 478 est.
579 443 632 477 ita
655 444 871 479 actualiter
895 454 1060 489 semper
1081 448 1145 481 est
1164 446 1341 482 risibilis.
1374 447 1410 482 id
1440 449 1504 482 est
1531 449 1650 491 aptus
1679 447 1730 483 ad
1758 448 1984 485 ridendum.

327 507 406 541 Sed
436 507 511 542 bot¹
540 508 628 542 loco
658 508 788 551 magis
816 509 990 553 simplex
1019 509 1287 554 intelligentia
1309 512 1373 545 cst
1394 511 1654 555 requirenda.
1682 522 1731 548 ac
1753 513 1787 548 si
1808 513 1984 549 dicatur:

327 579 491 613 semper
518 574 609 605 actu
639 575 701 606 est
729 572 902 615 species.
939 573 1012 608 sed
1042 583 1121 608 non
1151 583 1316 618 semper
1352 576 1443 610 actu
1482 576 1543 610 est
1580 575 1800 620 proprium,
1838 579 1880 612 ut
1917 576 2020 613 So-s·

327 638 463 669 crates
498 644 663 679 semper
699 639 790 671 actu
827 639 890 672 est
929 638 1060 674 bomo.
1100 648 1180 673 non
1220 648 1385 683 semper
1415 642 1478 674 est
1513 639 1689 680 risibilis,
1718 641 1867 685 quippe
1894 643 1987 677 actu

327 708 422 733 esse
451 699 604 735 risibile
634 701 709 736 lioc
732 701 822 736 loco
852 703 1094 737 tantundem
1118 703 1227 738 valet
1249 705 1443 755 quantum
1476 704 1624 741 ridere.
1652 706 1745 740 actu
1767 714 1867 741 vero
1892 715 1987 742 esse

327 762 531 800 bominem
561 766 800 801 tantundem
830 768 1027 810 quantum
1056 777 1149 802 esse
1179 768 1396 803 bominem.

468 829 511 864 Et
541 833 670 866 nota.
699 831 807 874 quod
836 840 924 866 cum
954 831 1162 867 risibilitas
1191 832 1243 867 sit
1264 833 1438 877 species.
1469 833 1623 869 risibile
1651 844 1750 870 vero
1780 835 1987 879 proprium

326 898 366 930 et
399 895 584 930 eiusdem
619 895 676 930 rei
712 895 791 930 sint
826 896 1096 940 designativa.
1138 897 1175 932 id
1216 899 1279 932 est
1318 898 1528 942 potentiae
1565 898 1736 935 ridendi.
1776 899 1986 935 risibilitas
2010 905 2041 930 10

326 970 488 1004 semper
510 962 601 995 actu
632 960 737 995 inest
764 961 848 995 suis
878 961 1150 998 inferioribus.
1179 962 1329 998 risibile
1358 972 1457 998 vero
1487 973 1567 998 non
1597 964 1681 999 suis
1708 964 1986 1009 participibus.

327 1025 451 1059 Actus
481 1024 586 1059 enim
617 1025 673 1059 rei
699 1025 879 1069 speciem
903 1028 967 1060 est
987 1026 1256 1062 materialiter
1277 1027 1541 1063 constituere.
1569 1028 1722 1073 proprii
1743 1038 1843 1064 vero
1871 1030 1987 1065 actus

325 1091 387 1123 est
416 1089 504 1133 ipsa
526 1089 633 1123 actio
656 1089 706 1124 de
727 1098 807 1132 qua
828 1090 1013 1133 potentia
1035 1093 1108 1126 est.
1161 1091 1359 1135 Anvzpliezs
1381 1102 1576 1136 quorum.
1628 1092 1844 1129 Terminos
1865 1096 1988 1130 vocat

325 1153 599 1188 definitiones.
637 1153 733 1197 quia
766 1154 819 1188 ita
854 1154 1065 1189 definitum
1105 1156 1331 1191 secundum
1369 1157 1713 1200 significationem
1753 1158 1985 1200 terminant,

325 1221 365 1253 ut
394 1228 469 1253 nec
497 1218 704 1253 excedant
732 1228 806 1253 nec
835 1219 1102 1254 excedantur.
1155 1220 1270 1259 Quae
1293 1221 1455 1264 quidem
1478 1221 1743 1257 definitiones
1766 1223 1870 1258 sicut
1891 1225 1986 1259 sunt
2009 1227 2040 1252 15

324 1283 576 1318 differentes.
605 1283 659 1318 ita
688 1286 727 1318 et
754 1293 803 1318 ea
826 1293 932 1327 quae
962 1284 1184 1320 continent.
1213 1287 1375 1329 oportet
1401 1285 1577 1321 differre.
1630 1286 1711 1322 Sed
1739 1296 1865 1331 quae
1879 1297 1987 1323 ren-

325 1348 429 1383 dum
458 1350 549 1383 est.
583 1348 633 1383 de
662 1357 741 1392 qua
764 1348 998 1384 differentia
1026 1349 1311 1384 definitionum
1341 1350 1405 1385 hic
1433 1352 1590 1394 agatur.
1642 1351 1743 1386 Nam
1784 1353 1824 1387 et
1862 1352 1985 1388 homo

324 1413 548 1447 secundum
577 1412 765 1448 diversas
793 1413 1049 1448 differentias
1084 1414 1272 1449 diversas
1307 1414 1345 1449 in
1384 1425 1510 1450 sensu
1548 1415 1812 1452 definitiones
1849 1417 1984 1453 habet.

325 1479 365 1512 ut
401 1477 550 1512 animal
594 1477 795 1513 rationale
834 1478 1004 1513 mortale
1049 1480 1089 1513 et
1125 1479 1276 1514 animal
1317 1480 1536 1523 gressibile
1578 1480 1694 1525 bipes
1730 1490 1808 1516 nec
1843 1483 1984 1517 tamen

323 1542 415 1577 ideo
444 1542 565 1576 homo
594 1542 782 1577 diversus
811 1545 874 1578 est
900 1543 951 1578 ab
981 1543 1156 1578 bomine.
1209 1544 1325 1583 Quod
1364 1544 1398 1579 si
1436 1544 1620 1580 dicamus
1657 1545 1846 1581 diversas
1884 1555 1980 1582 esse
2003 1549 2037 1574 2⁰

324 1606 586 1642 definitiones
614 1607 652 1642 in
682 1616 731 1642 eo
760 1608 866 1651 quod
897 1617 946 1643 ea
974 1617 1081 1652 quae
1109 1608 1292 1644 continet
1320 1618 1401 1644 una
1429 1609 1626 1647 definitio.
1663 1620 1744 1645 non
1772 1611 1984 1647 contineat

323 1672 464 1707 altera.
482 1672 575 1715 quid
592 1672 729 1707 dicent
751 1672 963 1708 rationale.
986 1673 1052 1717 qui
1075 1673 1250 1708 eandem
1273 1673 1545 1709 risibilitatem
1568 1676 1607 1710 et
1627 1675 1810 1718 speciem
1832 1677 1984 1711 vocant

324 1740 363 1771 et
390 1737 609 1781 proprium.
644 1737 722 1772 nisi
755 1737 860 1772 forte
887 1738 936 1772 ad
968 1738 1252 1773 diversitatem
1280 1739 1496 1774 modorum
1532 1741 1758 1780 recurrant,
1797 1740 1983 1776 dicentes

325 1801 479 1836 scilicet
507 1801 586 1836 alio
614 1802 736 1837 modo
765 1812 859 1837 esse
889 1803 1081 1846 speciem.
1115 1803 1196 1838 alio
1224 1803 1464 1847 proprium?
1516 1804 1596 1839 Sed
1634 1806 1673 1839 et
1710 1805 1769 1840 sic
1805 1804 1983 1840 hominis

323 1866 543 1901 diversitas
579 1867 629 1916 ad
665 1876 711 1901 se
748 1867 879 1911 ipsum
917 1868 1067 1911 poterit
1100 1868 1262 1903 ostendi
1297 1868 1335 1903 in
1370 1878 1420 1903 eo
1456 1869 1561 1912 quod
1598 1869 1812 1905 rationalis
1847 1871 1911 1905 est
1944 1871 1985 1905 et
2004 1872 2038 1897 25

322 1931 449 1974 bipes.
478 1931 571 1974 quia
601 1931 755 1966 scilicet
782 1931 946 1967 aliunde
975 1935 1037 1967 est
1065 1933 1193 1976 bipes.
1229 1933 1393 1969 aliunde
1424 1933 1649 1969 rationalis.
1701 1934 1753 1969 At
1780 1943 1881 1969 vero
1919 1944 1982 1970 se-

324 1996 498 2030 cundum
523 1996 823 2031 sententiam
846 1997 1066 2032 vocalem
1092 1997 1213 2041 plana
1241 1999 1305 2033 est
1333 1998 1577 2037 differenda,
1606 1998 1701 2042 quia
1723 1999 1869 2034 eadem
1897 2008 1981 2034 vox

324 2062 364 2094 et
390 2060 551 2103 species
579 2062 619 2095 et
646 2061 853 2104 proprium
877 2063 917 2095 et
938 2061 1031 2096 ideo
1053 2061 1092 2096 in
1116 2062 1265 2097 effectu
1289 2062 1572 2097 definitionum
1603 2063 1782 2098 ostendit
1810 2063 1980 2098 diversi-

322 2125 449 2159 tatem
476 2133 615 2159 eorum
645 2133 750 2168 quae
778 2125 817 2159 in
846 2124 905 2159 eis
933 2125 1196 2160 continentur
1223 2125 1443 2161 nominum.

462 2187 632 2231 δ’ριψῖμί.
687 2188 824 2223 Harae
858 2199 962 2223 vero.
1017 2188 1117 2224 Hinc
1158 2189 1277 2233 plane
1317 2192 1491 2233 apparet
1529 2190 1852 2234 Porphyrium
1892 2200 1973 2226 non
1997 2202 2032 2224 :w

326 2262 474 2287 vocare
502 2252 696 2288 accidens
729 2253 807 2287 nisi
842 2255 1033 2297 respectu
1071 2254 1237 2298 speciei.
1276 2254 1382 2289 unde
1421 2254 1675 2290 differentias
1713 2255 1822 2291 nullo
1860 2255 1982 2291 modo

323 2317 553 2352 accidentia
582 2318 772 2362 appellat.

461 2382 641 2426 Propria
673 2393 777 2417 nero.
831 2383 999 2427 Propria
1026 2383 1123 2418 dicit
1150 2393 1256 2427 quae
1288 2384 1353 2419 uni
1383 2384 1636 2420 conveniunt
1670 2386 1710 2420 et
1743 2394 1825 2420 non
1853 2385 1982 2420 alteri.

323 2447 556 2481 „tr-videntis
584 2457 689 2481 vero.
741 2447 826 2482 Non
857 2450 995 2483 tamen
1024 2447 1162 2483 omnia
1197 2449 1429 2484 accidentia
1463 2449 1501 2484 in
1531 2450 1652 2493 quale
1690 2449 1983 2493 praedicantur

324 2511 428 2545 sicut
456 2511 589 2546 omnis
618 2512 781 2556 species
811 2512 846 2547 in
878 2512 983 2556 quid,
1012 2512 1087 2547 nisi
1114 2514 1220 2548 forte
1250 2514 1364 2558 large
1399 2514 1650 2558 accipiamus
1683 2514 1913 2558 praedicari
1941 2514 1982 2549 in
2003 2525 2037 2550 35

323 2576 455 2619 quale.
485 2575 522 2610 id
552 2577 615 2610 est
642 2576 691 2611 ad
722 2585 883 2611 omnem
913 2576 1281 2622 interrogationem
1309 2586 1415 2621 quae
1450 2577 1489 2612 in
1518 2577 1612 2621 quid
1647 2587 1727 2613 non
1757 2579 1828 2613 est.
1880 2578 1981 2613 Nam

324 2640 570 2684 quandoque
600 2640 776 2684 qualitas
812 2650 883 2684 pro
919 2641 1027 2676 omni
1063 2641 1197 2676 forma
1233 2641 1405 2677 sumitur
1441 2643 1481 2676 et
1516 2642 1747 2686 praedicari
1784 2642 1824 2678 in
1861 2642 1981 2687 quale

324 2707 461 2749 potest
488 2705 616 2749 accipi
645 2715 719 2749 pro
747 2706 979 2749 praedicari
1007 2707 1049 2741 ut
1076 2706 1306 2746 formatum,
1333 2706 1370 2741 id
1396 2707 1459 2742 est
1486 2708 1702 2750 sumptum.
1755 2707 1803 2742 Et
1828 2717 1980 2742 ‘emam-

324 2779 406 2813 qun
416 2780 538 2813 mque
552 2771 693 2804 substa
702 2770 850 2809 utiam,
868 2770 904 2805 id
922 2772 986 2805 est
1002 2780 1332 2814 unamquamque
1349 2771 1573 2806 essentiam
1590 2771 1832 2807 naturaliter
1846 2780 1980 2811 unam,

324 2834 520 2878 contingit
549 2844 629 2869 una
657 2837 812 2870 tantum
841 2835 992 2879 specie,
1027 2835 1184 2870 scilicet
1211 2835 1523 2880 specialissima,
1551 2836 1812 2880 participare.
1863 2835 1980 2872 Unde
2000 2846 2035 2870 40

324 2902 497 2942 apparet
525 2899 630 2934 idem
659 2899 911 2934 individuum
940 2900 1016 2935 sub
1044 2900 1219 2935 diversis
1253 2900 1472 2944 speciebus
1507 2910 1587 2936 non
1623 2910 1730 2936 esse.
1783 2901 1981 2937 Pluribus

326 2973 429 2997 nero.
483 2963 561 2998 Sed
592 2964 624 2999 si
653 2964 923 3000 substantiam
952 2974 1025 3008 pro
1054 2964 1162 3013 omni
1198 2965 1383 3000 essentia
1419 2974 1641 3003 sumamus,
1669 2965 1858 3000 videmur
1893 2964 1980 3001 infi-

465 3085 569 3116 zui-27
598 3083 812 3124 secundum]
841 3087 875 3117 et
902 3085 942 3116 A.
