2200 3387
523 212 548 242 1.
580 211 641 242 llie
669 211 823 242 (ilosseu
853 221 894 242 zu
925 211 1156 250 Porphyrius.
1261 212 1310 242 lle
1337 214 1665 244 cnmuinulentum.
1866 212 1921 244 lul

258 306 496 342 Boethius
526 307 576 342 ibi
600 307 824 352 quamlibet
847 307 1130 343 definitionem
1160 308 1309 352 accipit
1337 309 1472 344 datam
1507 310 1732 345 seeundum
1765 320 1925 346 nomen.

256 371 344 407 sive
382 373 608 408 secundum
647 372 921 408 substantiam
960 372 1012 407 sit
1049 372 1143 408 data
1179 373 1268 408 sive
1307 383 1399 408 non.
1455 373 1512 408 lle
1552 374 1612 409 liis
1650 385 1833 419 qum-um
1874 378 1929 409 vs!

255 437 502 481 proprium,
524 437 559 473 id
585 439 649 473 est
670 446 777 482 quae
797 437 1011 473 continent
1034 437 1254 482 proprium.
1281 438 1385 473 sieut
1408 442 1503 474 sunt
1529 439 1737 474 individua
1762 439 1929 484 speciei.

402 501 546 536 nister!
574 503 729 536 aulem.
783 501 899 541 Quod
939 501 1121 536 ostendit
1157 512 1181 537 a
1218 511 1347 536 causa
1386 502 1422 537 in
1467 502 1554 547 ipsa
1599 513 1730 538 rerum
1775 506 1932 539 natura.

219 573 234 596 .·›
257 564 352 608 quia
380 565 538 600 seilicet
567 565 809 601 naturaliter
836 565 948 610 prius
977 567 1142 610 oportet
1176 575 1272 600 esse
1307 575 1391 601 rem
1422 567 1589 609 generis
1625 571 1664 601 et
1703 570 1849 611 postea
1877 568 1931 602 di-

202 897 232 921 10

201 1222 230 1247 15

195 2202 230 2224 30

257 629 485 665 versificari
514 632 709 674 suscepta
739 629 903 674 propria
931 629 1178 665 differentia.
1234 630 1340 665 Nam
1370 631 1416 664 si.
1471 630 1510 666 ln
1542 631 1726 675 partibus
1749 632 1931 667 ostendit

255 694 362 738 quod
402 693 505 729 dixit
543 693 780 729 novissime.
833 693 1101 737 Categoricas
1131 693 1325 737 intellige.
1353 704 1401 730 ae.
1430 694 1462 729 si
1491 694 1664 730 diceret:
1694 705 1773 730 non
1809 706 1930 731 omne

255 758 404 794 animal
434 762 498 794 est
526 759 659 794 bomo.
713 758 812 794 Nam
841 768 1108 803 consequens
1131 759 1283 804 proprii
1309 769 1389 794 non
1413 760 1646 804 recipimus.
1701 761 1928 805 Proprium

255 824 388 862 υηιηῖ,
424 823 461 859 id
495 826 557 859 est
592 833 742 859 nomen
778 823 957 859 omnium
1000 833 1135 859 rerum
1177 824 1346 868 speciei.
1388 824 1580 869 quamdiu
1622 828 1716 860 sunt
1758 826 1931 861 materia

254 888 423 933 speciei.
439 890 480 924 et
501 898 642 924 earum
661 891 829 924 tantum.
867 890 1031 933 Species
1045 890 1216 933 quidem
1238 890 1528 934 interem1mw‚
1550 890 1738 935 singulae
1761 891 1930 926 seilicet.

253 953 293 988 Si
321 953 429 989 enim
453 962 598 989 omnes
619 953 737 989 simul
764 954 1062 999 acciperemus,
1092 954 1197 990 sicut
1219 954 1427 999 proprium
1459 954 1496 990 in
1526 957 1619 990 actu
1651 955 1812 1000 perimit
1841 966 1931 1000 spe-

253 1018 369 1055 ciem.
398 1018 453 1054 ita
481 1018 603 1054 etiam
633 1028 779 1054 omnes
808 1019 926 1054 simul
956 1019 1120 1064 species
1149 1029 1291 1065 genus.

395 1084 567 1119 Generis
593 1086 629 1119 el
657 1084 897 1124 accidentis.
925 1084 1082 1120 scilicet
1104 1085 1352 1120 universalis
1375 1085 1602 1121 accidentis
1627 1089 1667 1121 ut
1690 1086 1924 1129 singularis.

253 1149 416 1184 Etenim
449 1150 619 1185 moveri.
672 1149 714 1185 ln
744 1149 929 1194 partibus
956 1150 1138 1186 ostendit
1169 1152 1252 1186 tam
1284 1151 1534 1195 separabilia
1557 1151 1789 1187 accidentia
1811 1161 1928 1196 prae—

253 1213 383 1250 dicari
412 1214 462 1250 de
492 1214 676 1260 pluribus
704 1224 825 1259 quam
856 1215 1164 1259 inseparabilia.

395 1279 541 1315 Differ!
569 1282 724 1315 (etitem.
777 1280 918 1315 Genus
948 1280 985 1315 in
1009 1266 1063 1316 eo¹
1090 1281 1200 1325 prius
1229 1283 1293 1317 est
1317 1281 1470 1326 specie.
1499 1282 1607 1325 quod
1632 1282 1817 1318 nominat
1845 1292 1929 1318 rem

252 1344 409 1389 speciei
431 1345 470 1380 in
493 1345 619 1390 priori
641 1347 760 1383 statu.
784 1345 980 1381 accidens
1003 1355 1104 1381 vero
1126 1346 1164 1381 in
1189 1346 1420 1390 posteriori.
1470 1347 1711 1382 Accidentia
1735 1357 1926 1392 namque.

253 1412 295 1445 ut
322 1410 398 1446 boc
426 1410 517 1446 loco
545 1410 642 1446 dicit
664 1410 906 1446 Boethius
923 1414 944 1447 ¹.
974 1421 1069 1447 esse
1092 1421 1174 1447 non
1198 1414 1383 1456 possunt.
1410 1412 1486 1447 nisi
1510 1412 1570 1448 eis
1593 1413 1757 1457 species
1780 1423 1930 1457 suppo-

253 1479 412 1511 nantur.
436 1478 476 1511 ut
498 1475 655 1511 scilieet
670 1476 950 1511 fundamenta.
979 1475 1036 1511 Ex
1054 1486 1134 1521 quo
1149 1478 1324 1521 apparet
1345 1487 1590 1522 corporeum
1609 1480 1649 1513 et
1673 1478 1928 1513 differentias

253 1540 355 1576 alias
384 1550 466 1576 non
494 1541 572 1576 dici
600 1540 842 1576 accidentia.
897 1541 1002 1576 Nam
1027 1542 1074 1576 si.
1128 1541 1236 1577 Vere
1264 1542 1460 1578 accidens
1484 1543 1692 1587 posterius
1721 1549 1785 1579 est
1814 1544 1927 1579 natu·

252 1605 390 1641 raliter
418 1606 570 1650 specie.
599 1606 694 1650 quia
721 1606 956 1651 separabile
985 1609 1025 1653 et
1052 1607 1343 1652 inseparabile.
1397 1606 1477 1643 Sed
1505 1608 1599 1653 quia
1629 1608 1679 1644 de
1702 1608 1926 1652 separabili

253 1671 432 1714 patebat.
455 1670 505 1706 de
529 1670 795 1715 inseparabili
819 1673 976 1706 tantum
1000 1671 1192 1707 ostendit.
1234 1672 1481 1716 Aequaliter
1499 1673 1783 1717 porlfeipant.
1805 1673 1841 1708 id
1866 1676 1929 1708 est

255 1737 462 1779 ponuntur
483 1745 562 1771 non
580 1745 670 1771 cum
693 1735 823 1779 magis
846 1739 885 1772 et
909 1736 1052 1773 minus.
1076 1737 1308 1772 accidentia
1336 1747 1437 1773 vero
1467 1747 1546 1772 non
1570 1738 1811 1781 aequaliter.
1841 1747 1921 1773 non

254 1802 389 1836 tamen
419 1800 568 1837 omnia.
597 1801 692 1845 quia
719 1801 875 1837 scilieet
898 1811 978 1837 non
1003 1802 1140 1837 omnia
1165 1803 1461 1846 comparantur
1481 1802 1585 1838 sicut
1606 1805 1725 1847 pater
1745 1805 1785 1838 et
1807 1803 1925 1838 filius,

198 1876 230 1899 ηε,
255 1865 534 1901 lumnionem
571 1866 699 1906 enim,
734 1866 770 1902 id
807 1868 871 1903 est
906 1866 1036 1912 magis
1074 1867 1218 1912 recipit
1251 1867 1506 1912 praedicatio
1544 1869 1814 1912 quorundam.
1867 1869 1927 1904 Ab

251 1931 454 1975 oppositis
485 1931 549 1967 vel
580 1941 604 1966 a
626 1931 905 1976 descriptione
940 1932 1183 1976 praedicari
1217 1942 1298 1968 non
1324 1933 1578 1977 aequaliter.
1622 1933 1667 1968 Et
1690 1934 1926 1969 ‹1‹·e1·1la»1t1‘‹1

250 1996 433 2040 quidem.
488 1996 528 2032 ln
560 2000 659 2037 Ι(ἦε-ο·
687 2006 852 2042 quoque
881 1997 1075 2033 differunt
1102 1998 1335 2034 accidentia
1363 2008 1387 2033 a
1415 1999 1649 2043 generibus.
1685 2000 1794 2043 quod
1823 2000 1928 2035 acci-

250 2061 391 2097 dentia
413 2061 653 2097 naturaliter
675 2062 909 2107 posteriora
932 2062 1166 2100 individuis.
1189 2063 1285 2108 quia
1308 2063 1347 2098 in
1371 2063 1494 2108 priori
1518 2063 1742 2099 nominant.
1784 2064 1828 2100 Et
1851 2065 1927 2100 boe

251 2126 444 2165 ostendit.
479 2136 569 2163 cum
605 2127 660 2163 ait
696 2136 764 2162 res
799 2137 941 2163 eorum
986 2128 1213 2164 subsistere
1255 2128 1293 2164 in
1332 2128 1510 2165 diversis
1546 2129 1789 2165 substantiis
1819 2132 1859 2165 ut
1888 2130 1924 2165 in

251 2191 540 2228 fundamentis.
594 2193 745 2235 Qualis·
771 2193 897 2228 eume.
951 2193 992 2229 In
1022 2193 1207 2238 partibus
1236 2196 1439 2230 monstrat
1466 2195 1575 2239 quod
1604 2195 1670 2230 ait.

395 2257 534 2292 Genus
575 2267 680 2293 vero.
745 2258 966 2303 Postquam
1007 2258 1190 2294 ostendit
1230 2259 1547 2295 communitates
1587 2262 1626 2295 et
1669 2260 1927 2296 differentias

251 2322 418 2367 generis
447 2324 488 2357 et
514 2322 607 2360 alia.
641 2323 763 2359 docet
796 2324 902 2359 idern
932 2324 983 2360 de
1012 2324 1163 2360 ceteris
1192 2334 1288 2360 esse
1317 2325 1595 2362 sentiendum.
1629 2325 1787 2361 scilicet
1816 2326 1924 2370 quod

252 2387 356 2423 sicut
383 2397 516 2430 genus
543 2397 567 2423 a
598 2388 749 2424 ceteris
780 2390 974 2433 quattuor
1004 2389 1151 2426 differt.
1186 2389 1241 2425 ita
1276 2390 1598 2435 unumquodque
1630 2400 1683 2426 ex
1718 2391 1778 2426 eis
1814 2391 1927 2435 quin-

252 2455 331 2491 que
369 2456 393 2482 a
426 2446 577 2483 ceteris
606 2449 800 2492 quattuor
828 2448 952 2484 habet
980 2450 1173 2493 quattuor
1203 2449 1475 2486 differentias,
1505 2452 1546 2485 et
1574 2450 1628 2486 ita
1657 2452 1752 2486 sunt
1780 2459 1925 2486 omnes

198 2524 231 2547 :za
252 2510 513 2547 differentiae
560 2512 779 2557 quinquies
815 2515 1010 2557 quattuor
1045 2514 1133 2549 sive
1174 2516 1321 2559 quater
1358 2514 1552 2559 quinque.
1590 2515 1625 2551 id
1668 2518 1733 2551 est
1772 2515 1924 2560 viginti.

198 2848 231 2871 41»

253 2574 333 2612 Sed
372 2576 469 2613 licet
506 2578 748 2613 naturaliter
784 2578 925 2623 viginti
960 2578 1042 2614 sint
1079 2579 1294 2616 tractandi.
1332 2582 1470 2615 tamen
1513 2590 1593 2616 non
1628 2583 1691 2616 est
1732 2590 1925 2616 neeessa-

254 2640 367 2676 rium.
403 2641 458 2677 uti
491 2642 653 2688 singula
681 2646 874 2688 quattuor
901 2644 1126 2680 distrectet.
1179 2644 1278 2680 Cum
1316 2645 1424 2680 enim
1463 2645 1720 2681 differentias
1757 2646 1924 2689 generis

254 2706 436 2742 ostendit
462 2707 513 2742 ad
541 2707 622 2743 alia
650 2711 853 2753 quattuor.
882 2711 1134 2753 superfluum
1171 2712 1235 2745 est
1270 2710 1490 2745 monstrari
1530 2710 1788 2746 differentias
1826 2711 1924 2746 alio-

254 2778 339 2805 rum
368 2769 418 2805 ad
448 2780 592 2815 genus.
644 2771 684 2806 Iu
713 2781 794 2816 quo
823 2772 930 2808 enim
960 2782 1092 2818 genus
1119 2784 1143 2809 a
1176 2774 1328 2809 ceteris
1357 2774 1503 2809 differt.
1539 2775 1576 2808 in
1607 2774 1753 2809 eodem
1783 2777 1922 2810 cetera

252 2834 447 2879 differunt
474 2845 498 2870 a
526 2845 692 2880 genere.
746 2837 1017 2873 Differentiae
1040 2838 1178 2883 itaque
1200 2848 1308 2883 quae
1337 2841 1429 2882 post
1456 2848 1588 2882 genus
1617 2839 1814 2884 sequitur.
1838 2842 1922 2875 tres

253 2898 514 2936 differentiae
543 2903 698 2937 tantum
727 2902 1031 2939 adscribendae
1059 2903 1111 2938 ad
1149 2903 1225 2939 tria
1263 2903 1421 2939 scilicet
1457 2904 1700 2948 posteriora.
1738 2905 1920 2949 speciem

400 3015 438 3045 13
468 3013 778 3053 (ieueffisll,enus
800 3015 826 3048 Α
914 3018 953 3048 16
976 3017 1202 3049 ΗίΠυΓυηῑ,1
1286 3019 1325 3049 19
1348 3016 1397 3056 0ss
1421 3018 1474 3050 lsi
1563 3019 1606 3050 2ss
1634 3019 1678 3051 ad
1707 3019 1921 3059 desernnio-

253 3073 386 3104 nen1.t
514 3073 777 3113 3T=dnguhuffs
804 3074 844 3106 A.

398 3131 594 3166 'Boessn
626 3132 664 3164 Μ
696 3131 1205 3173 ffiupml.u‚p.ffl5⁸fft

1964 471 2096 505 bovili.

1963 529 1992 561 p.
2007 520 2077 552 :lou
2089 522 2115 542 ν·

1960 1068 2095 1102 noetio.

1957 1127 1990 1159 p.
2004 1116 2096 1150 313²

1961 1251 2095 1287 Boeth-

1960 1301 2097 1343 p.3ll²

1961 2235 2094 2269 lssocth.

1958 2284 2111 2326 psllT'*
