2200 3387
519 227 545 258 1.
575 226 639 258 Die
667 226 822 258 Glossen
851 235 893 258 zu
924 226 1154 266 Porphyrius.
1185 245 1225 247 ——
1257 227 1306 257 Ην
1335 223 1535 259 accidente.
1819 226 1864 258 95

337 322 456 358 lllud
485 332 685 368 quoque
714 323 989 367 quaeritur.
1025 325 1155 358 utrum
1185 323 1416 358 accidentia
1451 325 1541 359 sola
1569 334 1692 360 sensu
1734 325 1862 369 perci-

193 387 358 432 piantur
393 398 444 424 an
484 388 673 424 subiecta
706 390 863 423 tautum
891 397 1069 432 corpora
1105 398 1156 423 an
1195 388 1330 432 potius
1366 391 1539 433 utraque
1579 389 1696 425 simul
1737 391 1787 428 et,
1828 390 1861 425 si

192 455 379 497 utraque.
407 458 563 498 <quae>
603 462 745 489 eorum
788 453 1023 497 praecipue.
1077 452 1156 488 Sed
1198 462 1289 488 cum
1332 463 1407 488 nos
1450 457 1529 489 tam
1568 454 1618 489 de
1659 455 1861 490 accidenti

192 527 313 562 quam
344 518 394 554 de
422 519 609 554 subiecto
640 528 712 563 per
745 527 911 554 sensum
942 518 1182 556 iudicemus.
1213 520 1430 563 utrumque
1467 528 1618 554 sensus
1647 520 1862 564 percipere

155 587 170 610 ⁵
192 582 365 618 videtur.
417 582 648 619 Cernentes
677 583 784 618 enim
809 591 956 627 equum
981 582 1116 618 album
1143 592 1222 618 non
1245 583 1377 618 solum
1401 583 1637 618 albedinem
1660 585 1696 619 in
1721 584 1862 620 l'unda-

191 649 329 683 mento
348 648 568 687 noscimus,
592 657 733 683 verum
764 647 887 683 etiam
910 647 1184 683 substantiam
1214 648 1308 692 equi
1331 648 1634 691 cognoscimus.
1663 649 1758 693 quia
1781 659 1861 684 non

190 711 320 746 solum
351 722 448 747 esse
476 712 624 750 album.
654 720 795 747 verum
825 711 949 746 etiam
979 720 1074 747 esse
1102 721 1252 756 equum
1281 711 1664 748 animadvertimus.

333 776 412 812 Sed
448 777 628 812 fortasse
663 776 833 815 dicetur.
877 777 985 821 quod
1025 776 1214 812 similiter
1249 777 1388 812 anima
1426 777 1532 812 visui
1569 778 1786 814 subiaceat
1822 782 1863 814 et

189 841 338 879 sessio.
366 842 464 886 quia
491 842 649 878 scilicet
676 842 867 878 videntes
889 842 1068 887 aliquem
1097 842 1323 880 ambulare.
1351 843 1459 887 quod
1489 843 1668 879 animam
1698 843 1861 883 habeat.

137 915 170 940 ιο
190 906 290 943 certi
312 916 462 945 sumus,
491 909 532 943 et
553 908 604 943 de
625 907 814 943 sessione
837 916 1002 952 quoque
1031 907 1146 943 visus
1174 917 1250 943 nos
1279 907 1481 943 certificat
1508 910 1548 944 et
1570 909 1621 944 de
1649 908 1710 944 ira
1738 909 1861 944 etiam

189 971 326 1011 animi,
354 981 444 1008 cum
476 973 654 1017 aliquem
687 972 968 1017 adspiciamus
1000 966 1226 1008 verberare
1258 973 1380 1009 alium
1410 973 1694 1013 veliementer,
1721 974 1862 1010 audito

190 1037 313 1073 etiam
342 1038 491 1073 latratu
519 1037 635 1074 canis
676 1038 776 1074 iram
816 1038 1091 1083 intelligimus.
1144 1038 1269 1074 Multa
1305 1048 1471 1083 quoque
1509 1048 1658 1074 sensus
1700 1039 1862 1075 videtur

188 1103 431 1143 certificare,
460 1113 567 1148 quae
587 1105 725 1139 tamen
755 1103 844 1148 ipse
874 1103 1141 1148 percipiendo
1171 1113 1251 1139 non
1274 1105 1479 1143 attractat,
1501 1104 1575 1139 sed
1599 1105 1734 1149 potius
1756 1105 1861 1140 ratio

188 1168 313 1204 animi
341 1178 394 1204 ex
423 1169 485 1204 liis
514 1178 620 1213 quae
655 1169 794 1205 anima
827 1169 1011 1214 percipit.
1049 1169 1254 1213 quaedam
1295 1169 1377 1205 alia
1418 1179 1525 1214 quae
1566 1170 1627 1205 eis
1667 1170 1862 1206 adiuncta

136 1239 168 1264 1⁵
187 1236 291 1272 sunt.
320 1234 519 1279 intelligit.
547 1243 599 1270 ex
627 1237 778 1270 natura
805 1234 970 1279 quidem
999 1244 1148 1275 rerum,
1187 1244 1267 1270 non
1298 1244 1351 1270 ex
1388 1235 1659 1280 perceptione
1697 1245 1859 1272 sensus.

188 1298 306 1336 Unde
328 1299 477 1344 aliquis
497 1300 586 1335 sine
609 1300 717 1344 quod
739 1301 926 1335 naturam
950 1300 1067 1336 canis
1091 1300 1277 1335 novisset
1299 1309 1476 1345 eumque
1505 1300 1667 1336 audiret
1695 1301 1860 1341 latrare,

188 1373 333 1400 vocem
368 1364 557 1400 latrantis
590 1364 727 1400 statim
757 1364 1026 1402 discerneret.
1069 1365 1142 1400 sed
1172 1374 1435 1409 nequaquam
1470 1364 1570 1400 iram
1600 1365 1860 1410 intelligeret,

188 1438 262 1474 pro
289 1437 339 1464 eo
367 1429 535 1466 scilicet,
565 1429 673 1474 quod
707 1429 889 1465 nesciret
917 1438 1063 1465 vocem
1100 1429 1334 1465 huiusmodi
1366 1439 1418 1465 ex
1448 1430 1558 1465 motu
1587 1431 1744 1466 tantum
1773 1431 1860 1466 irae

188 1494 428 1539 procedere.

133 1563 168 1589 20
331 1559 512 1596 Dicimus
549 1560 688 1604 itaque
723 1569 774 1596 ea
808 1560 898 1596 sola
934 1560 1100 1605 proprie
1137 1560 1188 1596 ad
1224 1569 1393 1596 sensum
1431 1560 1586 1600 venire.
1627 1561 1678 1596 de
1712 1561 1860 1605 quibus

187 1624 322 1660 statim
350 1634 500 1660 sensus
531 1624 722 1660 iudicium
746 1624 844 1660 facit
866 1624 977 1660 nulla
998 1624 1079 1660 alia
1100 1624 1388 1660 intercedente
1410 1625 1661 1669 cognitione.
1684 1627 1726 1660 ut
1747 1626 1861 1661 color

187 1699 327 1729 sonus,
356 1689 542 1729 dulcedo.
576 1689 730 1731 foetor;
768 1690 872 1726 haec
900 1692 1038 1726 autem
1066 1691 1223 1725 tantum
1252 1690 1486 1726 accidentia
1513 1690 1716 1730 videntur,
1751 1691 1859 1735 quod

187 1756 269 1790 tam
299 1755 459 1790 ratione
487 1764 609 1799 quam
639 1755 926 1799 experimento
955 1755 1235 1791 confirmatur.
1288 1754 1361 1790 Cui
1393 1755 1519 1791 etiam
1555 1755 1736 1792 maxime
1764 1765 1860 1792 con·

188 1820 313 1856 sentit
353 1819 592 1856 auctoritas.
657 1820 958 1856 Rationabilius
999 1820 1107 1855 enim
1148 1820 1321 1859 videtur,
1362 1822 1405 1856 ut
1444 1830 1535 1856 cum
1574 1821 1715 1856 anima
1751 1831 1858 1866 quae

131 1889 166 1915 2⁵
187 1895 338 1920 sensus
367 1886 502 1925 habet,
530 1894 598 1921 res
625 1885 873 1930 incorporea
900 1885 952 1921 sit
980 1887 1020 1921 et
1047 1886 1136 1930 ipse
1171 1885 1360 1921 similiter
1395 1896 1545 1922 sensus
1582 1895 1649 1922 res
1687 1886 1739 1922 sit
1773 1896 1860 1922 cor-

187 1960 326 1995 porea.
364 1950 427 1986 vis
456 1960 597 1986 eorum
627 1950 852 1995 praecipue
880 1951 932 1986 ad
960 1950 1195 1987 accidentia
1223 1960 1330 1995 quae
1368 1951 1512 1987 similis
1546 1953 1642 1987 sunt
1669 1953 1857 1993 naturae,

186 2015 223 2052 id
252 2016 316 2052 est
343 2025 585 2061 corporeae,
614 2016 823 2061 dirigatur.
852 2025 960 2061 quae
989 2016 1111 2052 etiam
1145 2016 1235 2061 ipso
1268 2016 1559 2061 experimento
1592 2017 1857 2053 addiscimus.

186 2081 284 2117 Viso
311 2090 490 2126 namque
519 2091 694 2126 corpore
717 2082 811 2117 albo
834 2082 975 2126 procul
998 2082 1207 2117 existente
1230 2081 1366 2117 statim
1391 2082 1442 2117 de
1464 2082 1604 2118 colore
1628 2082 1858 2118 iudicamus

185 2148 226 2182 et
252 2146 389 2182 album
418 2156 512 2183 esse
541 2147 827 2186 discernimus.
866 2147 941 2183 sed
975 2156 1057 2183 non
1086 2147 1225 2183 statim
1265 2148 1455 2183 naturam
1495 2147 1755 2183 substantiae
1792 2148 1859 2184 de-

129 2212 491 2257 aeprehendimus.
532 2213 665 2248 utrum
706 2212 865 2248 seilicet
901 2212 979 2248 iste
1013 2222 1145 2257 equus
1180 2214 1243 2248 est
1270 2215 1372 2253 <an>
1399 2212 1521 2248 aliud.
1574 2212 1691 2252 Quod
1720 2215 1857 2248 autem

184 2277 417 2313 accidentia
438 2286 587 2313 sensus
609 2277 822 2322 percipiat,
845 2277 1154 2314 Aristoteles
1176 2278 1215 2313 in
1233 2277 1488 2318 Qualitate
1506 2280 1516 2302 1
1534 2279 1726 2322 patenter
1747 2287 1858 2313 mon-

184 2343 305 2378 strat:
358 2342 553 2381 ,Dulcedo
582 2343 703 2382 enim.
737 2342 877 2387 inquit.
911 2343 1137 2379 secundum
1166 2345 1330 2388 gustum
1371 2343 1579 2388 quandam
1619 2343 1858 2387 passionem

185 2407 310 2443 efficit
344 2410 384 2443 et
420 2408 534 2443 calor
569 2407 796 2443 secundum
835 2410 1012 2444 tactum.
1065 2407 1106 2443 Si
1143 2408 1235 2453 quis
1272 2410 1409 2444 autem
1448 2417 1541 2443 cum
1574 2408 1858 2444 accidentibus

184 2472 306 2508 etiam
336 2473 525 2509 subiecta
552 2473 696 2508 sentiri
730 2473 850 2511 dicat.
884 2482 966 2508 non
995 2483 1209 2518 negamus,
1247 2475 1290 2509 ut
1329 2475 1369 2509 et
1408 2473 1589 2509 colorem
1631 2475 1857 2518 penetrans

128 2545 163 2570 35
184 2538 298 2574 visus
326 2537 502 2574 subiecti
530 2538 718 2582 corporis
746 2540 935 2574 naturam
966 2538 1178 2583 percipiat.
1232 2538 1336 2579 Quid
1374 2538 1482 2574 enim
1522 2538 1678 2576 mirum.
1715 2538 1746 2573 si
1786 2547 1858 2583 per

184 2603 364 2638 colorem
393 2612 544 2647 corpus
573 2603 722 2641 videat.
757 2613 847 2639 cum
886 2603 1009 2639 etiam
1048 2604 1235 2648 corporis
1272 2604 1380 2640 intus
1421 2604 1542 2648 positi
1580 2603 1855 2639 substantiam

184 2676 313 2711 saepe
343 2668 543 2710 penetret.
573 2668 613 2702 ut
634 2667 685 2702 de
716 2667 853 2712 aliquo
881 2677 1046 2712 quoque
1074 2677 1250 2712 corpore
1278 2667 1495 2712 supposito
1523 2666 1704 2703 iudicet?
1755 2666 1855 2702 Nam

184 2731 225 2765 et
262 2739 336 2774 per
371 2729 519 2766 vitrum
557 2731 815 2775 suppositum
853 2740 1004 2776 corpus
1038 2731 1342 2777 cognoscimus.
1396 2731 1477 2766 Sed
1517 2731 1551 2766 si
1591 2731 1682 2775 quis
1723 2730 1854 2775 ipsum

327 2848 345 2876 5
376 2846 487 2878 iniudi
520 2847 544 2877 A
664 2848 683 2876 Sl
712 2846 871 2885 aliquam
900 2847 926 2878 A
1051 2847 1090 2878 15
1125 2855 1170 2878 cx
1210 2848 1339 2878 natura
1373 2846 1518 2885 quidem
1553 2845 1697 2885 quidem
1736 2854 1854 2877 rerum

183 2905 367 2937 nominum
396 2914 464 2937 uon
494 2914 540 2936 ex
565 2905 592 2935 ,ί
702 2906 742 2936 16
771 2905 851 2936 sine
880 2903 991 2944 quod!
1019 2906 1343 2945 superscriptum:
1371 2896 1390 2936 u
1418 2904 1519 2941 (nisi)
1540 2904 1567 2936 „1
1670 2904 1710 2936 24
1737 2905 1856 2936 Ratio-

183 2964 327 2996 nalibus
347 2964 373 2996 A
452 2964 558 2995 25-25
587 2965 806 3003 incorporea
828 2964 854 2995 A
941 2964 983 2996 27
1012 2964 1217 2996 addidimus
1241 2964 1267 2995 A
1369 2965 1411 2995 37
1434 2964 1557 3003 aliquo
1579 2972 1695 3004 super
1714 2964 1853 2995 lineum

183 3028 364 3067 seriptum
395 3028 431 3059 ite
460 3027 500 3063 Α,
531 3028 567 3058 ίιι
591 3026 692 3058 linea
722 3035 829 3058 vero:
856 3027 960 3059 altro.

326 3108 335 3130 ¹
365 3109 527 3145 Boeth..
559 3108 599 3140 In
630 3110 752 3148 Catey.
783 3109 896 3140 Arist.
926 3109 980 3140 PL
1008 3109 1062 3146 64,
1091 3109 1157 3140 246
1175 3108 1211 3140 C.
