2200 3387
223 2208 356 2243 Βουῒὶι.

194 2266 227 2299 p.
242 2254 311 2289 '3⁵25
326 2256 356 2289 B

388 192 455 224 2015
790 194 893 225 1‘0101·
921 194 1122 225 Ahueiards
1153 194 1282 233 Logicu
1312 195 1633 233 ,liig1·‹·dientil)11s·,

386 289 479 333 quin
511 289 562 324 ita
593 293 654 324 est
684 289 720 324 in
751 289 848 324 istis.
904 290 932 324 A
957 299 1094 325 causa.
1147 290 1284 334 ,Veqaw
1305 291 1429 325 enim.
1482 290 1656 326 Causam
1682 291 1885 335 supponit.
1914 302 2041 336 quare

388 363 466 388 non
505 354 556 389 sit
593 354 847 389 conveniens
889 354 1115 398 assignatio
1157 355 1220 389 vo!
1259 364 1386 398 quare
1427 354 1548 390 0113111
1591 365 1670 390 11011
1713 356 1843 399 possit
1883 358 2041 392 servari

386 417 614 452 conversio.
645 418 737 461 quia
767 417 924 453 scilicet
952 418 1016 453 ala
1046 428 1125 453 non
1156 418 1302 453 dicitur
1329 418 1418 453 avis
1447 428 1541 453 esse
1572 419 1609 453 in
1639 428 1688 454 eo
1717 419 1824 463 quod
1852 420 1940 454 avis
1968 423 2041 457 est.

386 482 460 516 sed
490 482 526 516 in
557 491 606 517 eo
635 482 742 526 quod
771 482 881 517 alata
910 484 983 517 est.
1037 483 1154 522 Quod
1182 482 1345 526 quidem
1383 485 1494 527 patet
1531 493 1583 518 ex
1618 493 1667 518 eo
1696 484 1802 527 qnod
1840 485 2042 528 supponit.

385 545 479 589 quia
515 546 669 581 scilicet
710 546 835 581 multa
874 546 953 581 alia
995 547 1146 581 liabent
1183 547 1282 581 aias*
1342 546 1401 581 Ab
1442 547 1653 590 oppositis.
1706 547 1816 591 Apes
1856 548 1964 583 enim
2005 550 2079 584 et5

386 619 535 654 vespes
564 613 604 645 et
633 610 952 654 vespertiliones
980 611 1068 646 alas
1106 611 1270 645 habent.
1324 611 1460 650 Quare
1489 611 1747 655 quandoque.
1784 612 1817 647 si
1852 612 2044 648 inconve-

386 674 548 710 nienter
574 675 850 719 assignantur.
880 685 959 710 non
984 675 1249 710 convertitur.
1272 685 1370 719 ergo
1394 676 1426 710 si
1450 676 1757 713 convenienter.
1781 677 2043 712 convertitur.

385 739 417 774 A
446 740 675 775 contrariis.
729 740 807 774 Sed
837 742 878 774 ut
915 740 1171 775 conveniens
1209 740 1280 775 i'iat
1317 740 1554 784 assignatio.
1592 741 1702 784 prius
1736 742 1941 785 oportebit
1977 742 2044 778 ali-

385 803 575 847 quotiens
597 813 747 838 novum
771 803 1014 838 vocabulum
1033 803 1231 838 invenire.
1254 804 1304 839 ad
1327 804 1434 847 quod
1457 804 1492 839 id
1517 803 1625 847 quod
1647 804 1727 839 iam
1743 804 1955 840 inventum
1971 806 2043 845 est,

385 868 682 903 convenienter
709 868 956 911 assignetur.
992 869 1033 903 ut
1067 868 1099 903 si
1129 869 1313 903 dicamus
1351 869 1573 905 ¹remitum.
1610 856 1665 904 ad*
1699 869 1806 912 quod
1843 869 2046 905 referatur
2066 883 2098 907 lo

385 942 533 968 remus.
557 943 637 967 non
659 933 709 968 ad
734 942 893 968 navem.
946 935 1052 968 sunt
1075 934 1186 968 enIm
1213 943 1349 968 naves.
1403 933 1559 968 Lintres
1576 936 1697 969 vocat
1719 943 1791 969 eas
1807 934 2043 970 Boethius

385 1007 488 1042 quas
516 998 605 1033 solo
634 997 827 1042 subigunt
854 1000 976 1033 conto
995 1001 1016 1033 ¹.
1069 997 1205 1037 Quare
1230 1008 1309 1033 non
1332 998 1596 1033 convertitur.
1649 998 1754 1038 Quia
1774 999 1931 1035 scilicet
1949 1000 2045 1035 sunt

386 1072 516 1097 naves
545 1071 714 1106 quarum
745 1062 845 1097 remi
876 1072 957 1097 non
985 1064 1088 1099 sunt.
1124 1072 1223 1107 ergo
1251 1072 1333 1098 11011
1363 1066 1426 1098 est
1463 1063 1694 1098 conversio.
1749 1063 1807 1099 Ab
1845 1064 2043 1108 oppositis

385 1128 449 1162 vel
478 1137 500 1162 a
529 1137 667 1163 causa.
720 1127 848 1162 Naris
875 1127 1000 1162 ene'm.
1054 1127 1162 1163 Vere
1190 1137 1270 1162 non
1301 1115 1630 1165 estconversiO.
1668 1129 1763 1173 quia
1800 1119 1934 1173 neque
1970 1138 2046 1174 per

385 1192 623 1237 genetivum
651 1202 786 1236 neque
815 1202 888 1236 per
915 1192 1036 1227 alium
1066 1192 1184 1228 facta.
1238 1193 1269 1227 A
1299 1193 1493 1237 partibus,
1547 1193 1627 1229 Sed
1655 1202 1744 1229 eam
1781 1203 1855 1237 per
1887 1194 2042 1239 geneti-
2067 1201 2098 1224 1⁵

386 1267 479 1292 vum
508 1259 705 1293 removet.
740 1257 790 1292 de
820 1266 899 1301 qua
928 1257 1058 1303 magis
1088 1257 1307 1292 videretur.
1359 1258 1440 1293 Aa!
1477 1258 1793 1302 quomodolibet
1829 1259 1966 1301 alifer,
2002 1260 2045 1294 ut

384 1322 587 1358 videlicet.
617 1322 649 1357 si
679 1331 759 1357 non
788 1322 925 1365 placet
952 1321 1091 1357 dicere
1120 1322 1319 1357 remitum.
1357 1322 1472 1357 dic-as
1507 1324 1709 1358 remotum
1737 1323 1802 1358 vel
1831 1324 2042 1359 rematum.

384 1387 541 1422 Nomen
570 1387 677 1422 enim
707 1387 839 1422 reddit
866 1396 1046 1422 causam,
1075 1396 1203 1430 quare
1232 1387 1271 1422 in
1300 1387 1450 1431 placito
1478 1390 1621 1423 nostro
1649 1389 1777 1432 ponat
1804 1388 1854 1423 de
1877 1388 2043 1424 nomine

385 1452 669 1497 significando.
699 1452 793 1496 (11113
820 1451 1015 1487 videlicet
1044 1462 1122 1487 non
1152 1452 1329 1496 positum
1360 1454 1422 1488 est
1450 1462 1612 1493 nomen,
1647 1452 1686 1487 id
1723 1455 1785 1488 est
1820 1453 2043 1489 inventum.

386 1517 595 1552 Remitum
620 1517 746 1555 enim.
794 1517 899 1552 Vere
923 1517 1187 1552 convertitur.
1210 1517 1305 1561 quia
1326 1527 1400 1561 per
1421 1517 1667 1562 genetivum.
1714 1518 1748 1552 A
1767 1519 1896 1562 parte.
1926 1518 2043 1558 Quod
2064 1523 2100 1548 20

384 1582 456 1617 ait:
487 1592 568 1617 non
602 1582 641 1616 in
672 1592 718 1616 eo
746 1582 861 1625 quod
887 1582 1055 1616 aninml
1077 1583 1144 1619 est,
1173 1582 1294 1616 hahet
1322 1584 1462 1625 cama,
1483 1582 1645 1617 videtur
1664 1582 1824 1623 falsum,
1847 1582 1943 1627 quia
1963 1583 2043 1618 iam

385 1647 424 1681 in
454 1656 503 1682 eo
532 1647 640 1691 quod
669 1646 816 1682 animal
849 1648 922 1683 est.
957 1648 1072 1682 caret
1099 1646 1233 1691 capite
1263 1648 1303 1681 et
1330 1646 1386 1682 ita
1414 1656 1536 1682 omne
1564 1647 1716 1682 animal
1751 1649 1864 1683 caret
1897 1647 2042 1692 capite.

386 1711 466 1746 Sed
494 1712 674 1749 attende.
711 1712 820 1755 quod
848 1721 938 1746 cum
967 1711 1039 1747 ait:
1077 1721 1158 1747 non
1187 1711 1226 1746 in
1255 1720 1305 1746 eo
1333 1711 1442 1756 quod
1470 1712 1622 1747 animal
1651 1714 1724 1752 est,
1759 1712 1885 1748 habet
1912 1714 2044 1757 caput.

384 1776 606 1821 negatione
634 1776 771 1821 posita
797 1778 924 1812 totam
950 1777 1275 1821 propositionem
1300 1777 1525 1821 exstinguit
1552 1777 1712 1812 dicens:
1741 1778 1817 1813 hoc
1845 1777 1954 1822 quod
1981 1779 2045 1813 est

385 1842 546 1877 animal.
570 1851 651 1877 non
672 1841 833 1877 confert
855 1843 987 1886 caput.
1040 1841 1157 1877 Unde
1180 1851 1261 1877 non
1286 1842 1480 1886 sequitur,
1503 1842 1611 1885 quod
1635 1842 1673 1877 in
1691 1851 1740 1877 eo
1763 1842 1872 1886 quod
1892 1842 2043 1878 animal
2063 1852 2097 1877 25

387 1906 460 1941 est.
488 1906 629 1941 careat
657 1905 803 1949 capite.
857 1905 898 1940 Si
925 1914 1025 1941 vero
1054 1905 1220 1950 negatio
1248 1905 1584 1949 interponeretur
1610 1905 1683 1940 ita:
1710 1905 1750 1940 in
1773 1915 1823 1940 eo
1845 1906 1953 1950 quod
1982 1907 2046 1941 est

386 1969 547 2006 animal.
576 1979 656 2005 non
687 1970 811 2005 habet
837 1972 970 2014 caput.
999 1970 1037 2005 id
1067 1972 1147 2005 est:
1177 1970 1253 2004 1100
1281 1970 1389 2014 quod
1413 1972 1474 2005 est
1502 1970 1664 2010 animal,
1692 1970 1825 2005 aufert
1852 1970 1889 2006 ei
1911 1972 2044 2015 caput,

385 2033 531 2068 falsum
562 2036 674 2068 esset
702 2036 825 2077 atque
853 2033 947 2068 hinc
975 2034 1082 2069 bene
1112 2035 1358 2076 sequeretur
1385 2033 1493 2077 quod
1522 2033 1563 2068 in
1585 2043 1634 2068 eo
1663 2034 1772 2077 quod
1800 2035 1862 2069 est
1881 2034 2043 2070 animal.

386 2100 548 2134 careret
576 2098 722 2143 capite.
774 2098 908 2133 Multa
939 2099 1066 2139 snivi,
1100 2099 1142 2132 ut
1170 2101 1309 2133 ostrea
1338 2098 1400 2133 vel
1437 2098 1649 2135 conchilia,
1683 2099 1820 2142 pisces
1855 2098 2045 2134 videlicet

386 2163 563 2207 quidam.
591 2163 657 2207 qui
687 2163 725 2197 in
754 2162 872 2198 testis
901 2163 1173 2198 continentur.
2064 2176 2098 2199 :zu

526 2228 593 2262 Sic
633 2229 788 2262 autem.
841 2227 951 2262 Dixit
992 2228 1240 2271 quandoque
1278 2237 1428 2262 nomen
1470 2236 1564 2262 esse
1604 2227 1854 2272 fingendum,
1894 2232 1936 2263 ut
1973 2228 2046 2264 fiat

385 2291 639 2326 conveniens
675 2291 917 2335 assignatio.
969 2291 1084 2326 Nunc
1117 2293 1255 2326 autem
1284 2291 1490 2335 quomodo
1530 2290 1688 2326 facilius
1725 2292 1856 2336 possit
1893 2302 2044 2328 nomen

384 2355 572 2393 inveniri,
601 2356 722 2391 docet
749 2356 909 2391 dicens:
949 2356 1204 2391 .s·2·‹1faeilius
1236 2356 1434 2395 sumitur,
1462 2355 1501 2390 id
1537 2357 1600 2391 est
1636 2356 1858 2400 imponitur
1890 2367 2042 2392 nomen

384 2420 449 2454 Itis
478 2420 598 2455 rebus
625 2420 778 2464 quibus
806 2430 889 2454 non
919 2422 975 2455 est
1001 2420 1205 2464 positum,
1233 2420 1267 2454 si
1295 2419 1488 2455 videlicet
1514 2419 1779 2463 imponantur
1805 2421 1972 2456 nomina
1992 2422 2044 2457 ab

384 2485 446 2520 his
475 2485 709 2520 nominibus
738 2495 844 2529 quae
873 2486 1003 2529 prima
1032 2487 1136 2520 sunt.
1174 2485 1212 2520 id
1242 2487 1305 2520 est
1332 2494 1438 2529 quae
1467 2485 1548 2520 iam
1576 2487 1669 2520 sunt
1696 2485 1878 2523 inventa,
1915 2488 1957 2522 ut
1992 2487 2043 2522 ab
2064 2498 2098 2521 :25

384 2550 450 2585 313
472 2550 579 2593 quod
609 2550 687 2585 iam
711 2552 772 2585 est
794 2550 1017 2586 inventum.
1046 2551 1230 2585 sumatur
1250 2550 1415 2590 alatum,
1443 2550 1551 2593 quod
1581 2552 1686 2584 teste
1717 2550 1949 2586 Boethio2
1975 2560 2044 2586 no-

384 2614 488 2649 viter
514 2614 665 2649 factum
695 2616 758 2649 est
787 2617 826 2649 et
854 2623 1073 2658 numquam
1103 2612 1199 2649 31110
1227 2614 1389 2651 dictum,
1418 2614 1473 2649 ita
1499 2614 1655 2650 scilicet
1682 2616 1866 2650 sumatur
1891 2616 1942 2651 ab
1967 2616 2044 2651 hoc

384 2677 550 2712 nomine
586 2677 694 2721 quod
729 2679 792 2713 est
829 2678 904 2713 ala.
945 2678 1053 2721 quod
1093 2680 1133 2712 et
1173 2678 1261 2713 eius
1302 2677 1646 2722 significationem
1682 2679 1824 2713 teneat
1857 2679 1898 2714 et
1929 2679 2042 2715 vocis

385 2742 701 2777 similitudinem.
754 2742 852 2777 Nam
891 2742 1082 2777 alationis
1119 2742 1465 2787 significationem
1502 2744 1626 2783 tenet,
1663 2752 1687 2777 a
1723 2752 1803 2787 qua
1839 2745 2043 2788 sumptum

385 2807 459 2841 est.
489 2807 529 2840 et
557 2805 677 2841 0113111
708 2806 800 2841 3130
828 2816 852 2840 3
879 2815 959 2849 (103
987 2806 1215 2841 derivatum
1254 2807 1325 2841 est.
1364 2806 1469 2841 sicut
1503 2805 1727 2841 Priameius
1763 2806 2042 2849 possessionis
2064 2820 2098 2844 4⁴»

385 2873 426 2905 et
462 2869 609 2905 Priami
646 2872 685 2905 et
719 2870 902 2905 Graecus
940 2870 1151 2905 cuiusdam
1187 2870 1450 2914 proprietatis
1492 2872 1532 2905 et
1571 2870 1771 2905 Graeciae
1813 2872 1854 2906 et
1891 2880 2042 2907 aureus

529 2986 547 3013 8
576 2985 675 3024 prior
701 2985 728 3016 A
832 2985 871 3016 12
901 2985 1056 3016 subeunt
1082 2984 1108 3016 Α
1211 2984 1252 3015 24
1283 2985 1500 3023 positionem
1526 2984 1555 3015 A

529 3055 536 3076 ¹
569 3056 714 3087 Hocth,
743 3056 764 3086 I.
793 3065 831 3093 ‹·.‚
863 3065 892 3095 p.
923 3055 1034 3087 22111.
1150 3055 1164 3075 ²
1193 3056 1337 3087 noctu
1367 3055 1387 3085 Ι.
1417 3065 1455 3091 (a,
1486 3065 1517 3095 p.
1546 3055 1664 3086 2210.
