2200 3387
461 255 486 284 1.
519 253 581 283 l›i‹=
609 254 767 284 (ilossen
798 262 838 284 κιι
871 253 1099 292 Porphyrius.
1195 254 1243 285 Ιῑι·
1272 257 1601 288 v«mmmnitntilms.
1821 259 1865 288 {lit

195 349 362 391 generis
404 359 482 384 non
525 359 590 384 res
630 350 890 385 differentiae
932 353 1205 394 pernmneret.
1252 352 1325 387 sed
1373 353 1635 389 differentiae
1676 355 1864 398 singulae

195 413 284 448 sive
308 414 431 449 etium
456 424 601 450 omnes
625 414 742 450 simul
773 415 1011 450 necessario
1041 425 1120 450 non
1150 417 1342 452 auferunt
1370 427 1511 459 genus.
1540 419 1692 464 quippe
1722 423 1865 464 posset

197 489 263 514 res
293 480 329 514 in
360 483 506 515 natura
535 479 724 515 animalis
753 479 920 515 omnino
943 489 1190 524 permanere
1215 483 1440 526 peremptis
1465 483 1728 519 inferioribus
1751 485 1864 521 diffe-

196 545 337 580 rentiis
366 544 537 589 singulis
567 545 628 580 vel
659 546 838 580 fortasse
861 545 984 580 etiam
1014 545 1206 581 omnibus
1228 546 1357 582 simul.
1413 547 1528 583 l'nde
1551 550 1687 585 statim
1712 551 1863 586 subdit:

199 610 302 646 Nam
331 611 368 644 si
396 620 551 645 munes.
605 610 721 650 Quod
745 610 818 645 ait:
846 610 1112 654 subimellissi
1142 612 1453 650 rationabiliter.
1479 614 1718 650 tantundem
1744 616 1864 652 valet.

136 1599 170 1623 ‘20

131 2260 166 2282 :30

195 686 242 711 ae
270 675 304 711 si
332 675 505 710 diceret:
541 684 787 719 permanere
816 675 1070 711 naturaliter.
1123 677 1300 712 Sublato
1327 678 1452 713 vue'm.
1508 678 1612 714 Nam
1642 680 1679 714 se·
1708 691 1863 715 (matres.

196 742 234 777 ln
266 741 449 786 partibus
478 740 666 776 ostendit.
695 740 803 785 quod
833 740 905 776 ait:
944 750 1077 784 genus
1113 751 1234 777 unum
1276 745 1350 779 est.
1389 743 1467 778 hoc
1503 745 1567 779 est
1605 753 1671 779 res
1709 745 1863 789 speciei

195 816 274 842 non
304 807 428 842 habet
457 807 494 841 in
524 815 570 841 se
599 805 787 841 diversas
819 805 1014 841 materias
1044 807 1270 842 secundum
1301 817 1404 852 quas
1433 808 1612 844 diversis
1640 810 1864 853 generibus

194 872 393 908 subiacet.
421 871 526 907 sicut
555 871 679 906 habet
707 871 899 906 diversas
928 871 1095 908 formas,
1133 882 1206 916 pro
1235 873 1383 917 quibus
1412 873 1588 909 diversis
1617 874 1863 911 differentiis

194 936 449 981 supponitur.
503 935 653 972 Eadem
686 945 863 980 namque
893 937 1093 973 essentia.
1122 946 1229 981 quae
1259 940 1322 973 est
1350 938 1387 973 in
1419 939 1584 974 homine
1607 939 1771 977 animal.
1800 944 1864 976 est

192 1011 354 1046 corpus.
387 1001 629 1041 substantia,
661 1001 734 1037 sed
768 1011 849 1037 non
873 1001 1018 1037 eadem
1043 1002 1175 1037 forma
1198 1003 1402 1039 rationale
1425 1006 1465 1039 et
1489 1005 1671 1040 mortale.
1713 1006 1864 1046 Genus,

192 1067 229 1103 id
252 1069 315 1102 est
338 1076 404 1102 res
427 1066 606 1110 generis,
630 1076 711 1102 una
731 1069 887 1102 tantum
911 1069 974 1102 est
994 1077 1071 1104 reS.
1089 1067 1350 1104 differentiae
1367 1078 1468 1104 vero
1492 1070 1643 1105 multae
1666 1080 1690 1106 a
1708 1071 1862 1108 formis.

190 1132 415 1169 secundum
439 1142 542 1177 quas
564 1134 719 1168 tantum
746 1133 949 1168 vocabula
970 1132 1263 1169 differentialia
1289 1136 1383 1170 sunt
1406 1134 1610 1179 imposita.
1664 1136 1710 1171 ΕΙ
1731 1146 1864 1178 (lenus

190 1198 374 1242 quidem.
410 1197 446 1233 id
477 1200 541 1233 est
569 1207 636 1234 res
665 1197 844 1242 generis.
880 1200 920 1233 et
948 1198 1226 1239 differentiae,
1261 1199 1298 1234 id
1335 1201 1398 1234 est
1427 1208 1493 1235 res
1522 1200 1860 1237 differentiarum.

155 1271 170 1293 s·-
192 1262 272 1298 Sed
302 1263 405 1299 naec
426 1262 648 1298 similitudo
672 1263 709 1298 in
734 1265 953 1298 tractatu
983 1263 1310 1299 differentiae
1339 1264 1558 1309 diligenter
1585 1268 1649 1301 est
1676 1268 1861 1311 aperta1.

332 1328 471 1363 Genus
498 1330 652 1363 (zulem.
706 1327 884 1364 Ostensa
907 1328 1200 1365 convenientia
1234 1332 1298 1369 1et,
1331 1329 1567 1366 differentia
1595 1331 1702 1367 inter
1728 1341 1861 1377 genus

190 1396 230 1430 et
266 1394 541 1430 differentiam
583 1393 763 1430 ostendit
803 1393 910 1430 inter
949 1403 1081 1438 genus
1128 1397 1168 1430 et
1214 1395 1410 1439 speciem.
1462 1396 1671 1432 Sumatur
1706 1400 1861 1433 autem.

191 1459 310 1496 Dedit
337 1459 612 1496 differentiam
642 1459 749 1495 inter
775 1468 908 1503 genus
931 1461 972 1495 et
999 1459 1195 1504 speciem.
1224 1462 1264 1495 et
1286 1469 1337 1495 ne
1360 1461 1451 1504 quis
1473 1461 1685 1506 acciperet
1706 1464 1862 1499 tantum

189 1525 370 1570 speciem
406 1524 760 1569 specialissimam.
800 1524 892 1560 ideo
928 1524 1023 1560 dicit
1059 1525 1164 1560 haec
1205 1525 1283 1561 dici
1323 1525 1374 1562 de
1401 1526 1584 1570 qualibet
1623 1527 1763 1572 specie
1803 1538 1863 1564 re-

191 1593 333 1634 spectu
363 1590 424 1625 sui
453 1589 630 1634 generis.
660 1590 710 1625 de
739 1590 805 1625 illa
834 1599 999 1634 quoque
1028 1589 1196 1627 scilicet.
1226 1599 1333 1635 quae
1355 1599 1488 1636 genus
1517 1594 1592 1629 est.
1621 1592 1655 1627 si
1677 1576 1863 1629 sumatur

190 1658 231 1691 ut
257 1655 433 1700 species.
463 1655 500 1690 id
529 1657 592 1691 est
619 1657 884 1700 comparetur
910 1664 985 1690 suo
1014 1655 1168 1699 generi.
1224 1656 1373 1691 Priora
1409 1666 1494 1691 esse
1526 1667 1688 1699 eorum,
1727 1658 1763 1693 id
1799 1662 1861 1694 est

191 1721 327 1765 priora
356 1730 451 1756 esse
480 1722 672 1765 respectu
702 1720 952 1757 inferiorum.
981 1720 1077 1764 quia
1100 1720 1293 1756 videlicet
1315 1730 1401 1756 rem
1424 1722 1652 1758 subiectam
1674 1723 1713 1758 in
1737 1723 1861 1767 priori

190 1786 432 1822 naturaliter
469 1788 576 1821 statu
615 1785 840 1821 nominant.
879 1794 955 1821 nee
993 1795 1073 1821 non
1108 1788 1148 1821 et
1183 1786 1409 1822 secundum
1451 1787 1701 1823 sententiam
1744 1789 1861 1832 quasi

188 1854 328 1896 partes
356 1850 649 1886 constitutivae
678 1853 772 1885 sunt
801 1850 1039 1886 inferiorum
1069 1853 1104 1885 e!
1133 1853 1271 1886 tamen
1306 1853 1439 1886 totum
1471 1852 1695 1896 quiddam.
1730 1853 1767 1888 id
1797 1856 1861 1889 est

133 1927 161 1952 ε,-
188 1916 425 1952 universale
454 1916 505 1951 ad
535 1915 740 1951 inferiora.
795 1915 1020 1956 .Quiddam*
1050 1915 1142 1951 ideo
1172 1916 1279 1953 dicit.
1308 1916 1404 1961 quia
1432 1917 1598 1962 proprie
1625 1919 1752 1954 toturn
1777 1928 1859 1954 non

187 1981 332 2017 dicitur
360 1981 437 2017 nisi
465 1981 786 2017 constitutivum.

1891 1306 1982 1340 Boet
1991 1305 2027 1343 Ιι.

1891 1364 1923 1396 p.
1937 1353 2046 1388 302112

1883 2018 2017 2054 Boctli.

330 2047 537 2083 Differam
573 2048 728 2081 aulem.
782 2046 967 2086 Qualiter
999 2046 1213 2082 continere
1250 2047 1437 2092 accipiat.
1472 2050 1668 2092 quantum
1701 2049 2026 2110 8051509t1›.:3()42

186 2113 236 2150 ad
266 2122 401 2149 rerum
431 2112 767 2157 nominationem.
802 2112 891 2157 ipse
927 2112 1064 2147 statim
1099 2113 1348 2148 determinat
1375 2113 1534 2149 dicens:
1585 2113 1629 2149 In
1658 2114 1859 2159 pluribus

185 2178 310 2213 enim.
364 2177 410 2213 Et
439 2179 570 2214 nota.
605 2176 714 2221 quod
748 2176 828 2212 duo
863 2186 970 2221 quae
1004 2176 1118 2217 dixit,
1156 2177 1313 2221 probat.
1351 2176 1510 2213 scilicet
1546 2177 1654 2222 quod
1693 2178 1858 2224 species

186 2243 373 2288 singulae
411 2243 652 2279 contineant
688 2250 831 2287 genus.
869 2241 1026 2278 scilicet
1062 2242 1159 2286 quia
1195 2251 1327 2287 genus
1365 2244 1428 2278 est
1465 2242 1504 2278 in
1542 2243 1736 2287 pluribus.
1796 2244 1857 2279 Ab

186 2308 399 2354 oppositis.
453 2307 611 2344 Deinde
639 2307 747 2353 quod
775 2316 933 2353 genera
970 2307 1194 2344 continent.
1230 2317 1303 2352 per
1332 2308 1408 2344 hoc
1437 2308 1618 2344 ostendit
1651 2310 1759 2352 quod
1790 2318 1856 2344 res

185 2374 352 2417 generis
368 2373 581 2409 continent
602 2382 670 2408 res
691 2372 936 2417 specierum.
954 2373 1096 2417 squiafi·
1114 2382 1187 2417 per
1208 2373 1285 2408 hoc
1309 2373 1416 2417 quod
1440 2373 1712 2409 informantur
1733 2374 1856 2409 rebus

186 2438 444 2474 diversarum
479 2438 722 2482 specierum.
757 2440 974 2473 transeunt
1008 2438 1046 2473 in
1087 2440 1256 2473 naturas
1293 2438 1538 2483 specierum.
1576 2439 1654 2474 hoc
1689 2441 1753 2474 est
1789 2448 1855 2475 res

187 2503 415 2548 specierum
447 2503 547 2538 fiunt
575 2503 612 2538 in
643 2506 789 2538 natura
817 2512 952 2538 rerum
979 2513 1107 2539 causa
1129 2503 1412 2539 continentiae
1435 2504 1742 2540 vocabulorum.
1791 2504 1856 2540 Sic

153 2584 164 2604 >.
187 2569 295 2614 lege:
323 2568 484 2603 Genera
515 2569 551 2604 id
581 2570 642 2604 est
671 2578 737 2604 res
763 2577 975 2612 generum.
1011 2570 1175 2612 oportet
1208 2569 1456 2612 praelat-ere
1490 2571 1637 2605 natura
1673 2569 1710 2605 in
1746 2571 1853 2605 statu

186 2634 393 2677 generalis
429 2633 605 2669 nominis
633 2643 682 2669 ae
712 2643 784 2677 per
810 2636 1027 2678 susceptas
1056 2634 1209 2669 formas
1238 2634 1415 2669 transire
1445 2634 1481 2669 in
1513 2643 1578 2669 res
1609 2635 1854 2679 specierum.

191 2699 303 2734 [ἠήρ
335 2699 486 2743 priora
522 2708 671 2741 yvnrrv
712 2699 980 2733 naturaliter.
1035 2698 1119 2733 Hoc
1148 2701 1228 2734 tam
1264 2699 1315 2734 de
1344 2699 1516 2734 vocibus
1551 2699 1680 2743 accipi
1720 2701 1855 2743 potest

186 2763 412 2799 secundum
452 2766 637 2799 naturam
677 2766 809 2799 status
849 2773 982 2799 rerum
1019 2773 1138 2808 quam
1178 2764 1229 2799 (le
1266 2764 1399 2799 rebus.
1454 2763 1499 2799 Et
1527 2766 1588 2799 est
1616 2773 1755 2799 causa.
1810 2765 1854 2800 Et

185 2829 340 2873 spec-ies
367 2828 552 2873 quidem.
592 2829 627 2863 id
664 2832 727 2863 est
761 2838 828 2864 res
856 2829 1025 2873 speciei.
1058 2839 1203 2871 aeteus,
1241 2829 1277 2864 id
1316 2831 1378 2863 est
1416 2838 1482 2864 res
1519 2829 1699 2872 generis
1735 2839 1784 2865 ac
1821 2830 1854 2865 si

160 2893 360 2929 ‚dicerett
399 2902 477 2928 non
509 2895 645 2936 potest
675 2902 770 2928 esse
799 2893 921 2928 honlo
951 2893 1016 2930 ita.
1057 2894 1163 2937 quod
1198 2903 1276 2928 non
1307 2893 1356 2928 sit
1391 2893 1553 2929 animal.
1595 2894 1666 2929 sed
1703 2894 1853 2930 animal

331 2994 369 3023 12
392 2991 679 3023 differentiarum
704 2992 800 3022 mute
823 3001 842 3022 n
865 2992 978 3022 forme
1008 2992 1091 3030 quia
1116 3000 1208 3030 quus
1224 2992 1248 3022 ,ΔΙ
1277 2991 1381 3022 lorus
1401 2989 1607 3031 ema-uptus
1627 2993 1680 3022 es!
1758 2991 1798 3024 1⁴
1821 2993 1852 3024 id

185 3053 240 3082 est
269 3048 343 3089 resl
372 3059 391 3081 a
421 3050 443 3081 .l
566 3049 602 3080 21
637 3057 720 3080 esse
751 3049 875 3080 Bru-m.
905 3058 992 3081 vero
1020 3050 1044 3081 A
1176 3050 1217 3081 27
1249 3049 1426 3081 Differunt
1456 3050 1565 3080 ηιηΙΙί
1591 3050 1696 3082 emm.
1727 3051 1852 3083 Boem-

185 3110 306 3141 differt
333 3109 454 3139 editor
552 3110 588 3139 :31
622 3108 763 3139 ostendi
792 3108 815 3139 ,1

329 3179 335 3199 ¹
368 3181 416 3211 (Ὺ.
446 3188 566 3220 supra
597 3188 628 3218 p.
658 3180 700 3210 7s
716 3188 797 3218 sqq.
1663 3182 1710 3214 7·
