2200 3387
507 258 536 288 2.
567 257 632 289 Die
659 257 815 289 Glossen
844 265 887 288 zu
915 256 983 288 den
1015 256 1248 296 lx'utegorien.
1350 257 1401 288 De
1430 257 1644 296 utiuntitate.
1852 254 1918 288 15³7

243 355 351 390 tates
367 353 457 389 sive
475 364 568 392 non.
585 354 675 400 ipsa
696 353 903 390 contraria
926 362 1007 389 non
1029 355 1134 388 sunt.
1187 353 1219 388 A
1243 363 1381 389 causa.
1430 353 1474 388 Et
1498 353 1573 389 hoc
1596 356 1676 389 est:
1706 354 1918 398 Amplius,

244 419 281 454 id
310 421 392 455 est:
420 419 555 455 adhuc
583 419 691 455 idem
720 419 909 455 ostendo.
938 418 1097 453 scilicet
1118 418 1226 462 quod
1250 418 1466 463 quantitati
1493 418 1543 453 nil
1568 421 1631 454 est
1652 419 1916 455 contrarium.

244 492 317 528 per
344 483 434 520 ista.
463 483 559 528 quia
586 483 745 519 scilicet
771 483 861 518 sive
889 482 1038 526 aliquis
1075 484 1211 526 ponat.
1250 482 1287 517 id
1326 484 1390 517 est
1424 482 1640 518 concedat.
1669 484 1743 517 etc.
1797 483 1919 524 Qum!

243 549 370 584 mlitn.
425 548 531 584 Vere
562 558 641 584 non
671 551 767 583 sunt
793 547 1016 584 contraria.
1045 547 1142 591 quia
1177 547 1286 582 nulla
1321 547 1447 582 multa
1480 550 1573 582 sunt
1610 547 1830 582 contraria.
1885 548 1915 582 A

207 619 222 641 Γ»
245 616 341 650 toto.
395 613 441 649 Et
469 614 545 650 lioc
573 616 654 650 est:
692 613 808 658 qum!
836 623 920 648 mm
950 614 1006 647 est
1033 623 1200 647 sumere
1230 622 1302 657 per
1330 623 1387 648 se.
1418 612 1455 647 id
1485 615 1549 648 est
1577 613 1683 656 quod
1716 622 1794 647 non
1824 622 1918 647 con-

244 679 361 724 tingit
387 688 461 724 per
487 689 533 715 se
561 679 743 723 intelligi.
771 678 845 714 sed
876 681 1067 722 respectu
1097 678 1280 714 alterius.
1309 678 1346 713 id
1376 678 1570 722 estquod
1603 680 1667 712 est
1689 678 1917 715 relativum.

243 744 460 788 quomodo
490 746 577 781 etc..
606 754 656 779 ac
683 744 716 779 si
746 743 872 779 dicat:
908 743 1016 778 nullo
1048 743 1182 778 modo.
1236 743 1436 787 Amplius
1462 743 1499 777 si
1526 745 1660 778 erum.
1715 742 1919 778 Ostendit.

243 801 353 853 quod
388 819 469 845 non
504 812 600 844 sunt
635 809 857 846 contraria.
897 808 1056 844 directa
1096 808 1426 844 ratiocinatione.
1481 808 1673 843 Ostendit
1713 807 1819 843 idem
1864 808 1919 843 in-

243 874 412 911 directa.
441 874 631 910 ducendo
660 874 819 910 scilicet
846 874 896 910 ad
927 873 1243 910 inconveniens,
1273 873 1306 908 si
1335 872 1483 917 aliquis
1512 873 1717 909 concedat
1745 882 1795 908 ea
1823 882 1917 908 esse

193 945 223 969 ¹0
243 939 463 977 contraria.
491 940 543 975 ad
573 940 650 975 hoc
677 939 835 975 scilicet
857 939 965 983 quod
989 939 1199 974 contraria
1220 940 1316 974 sunt
1338 938 1377 974 in
1406 939 1552 974 eodem
1577 940 1618 974 et
1639 939 1747 983 quod
1771 938 1917 974 eadem

244 1014 312 1040 res
339 1005 391 1040 sit
419 1005 496 1040 sibi
525 1005 602 1050 ipsi
631 1005 851 1045 contraria,
882 1005 919 1040 in
950 1004 1218 1049 susceptione
1258 1004 1418 1040 scilieet
1456 1004 1770 1041 contrariorum.
1809 1004 1917 1048 quod

243 1069 408 1114 quidem
438 1070 742 1106 inconveniens
770 1070 879 1106 idem
908 1072 970 1106 est
992 1070 1029 1105 in
1055 1080 1181 1106 sensu
1205 1079 1295 1105 cum
1321 1070 1457 1114 priori.
1512 1070 1590 1105 Sed
1620 1069 1801 1105 fortasse
1824 1069 1918 1105 idco

243 1135 372 1171 verba
399 1137 636 1173 commutat.
675 1136 771 1180 quia
800 1135 931 1180 magis
962 1136 1065 1171 haec
1094 1136 1226 1171 verba
1261 1136 1460 1170 abhorret
1487 1135 1767 1171 adversarius,
1809 1134 1918 1179 quod

242 1200 400 1237 scilicet
427 1201 575 1237 eadem
605 1210 672 1237 res
700 1201 751 1236 sit
778 1201 856 1236 sibi
884 1201 960 1245 ipsi
990 1201 1211 1239 contraria,
1241 1210 1363 1244 quam
1387 1200 1494 1244 quod
1520 1200 1665 1236 eadem
1697 1209 1764 1235 res
1792 1199 1920 1236 susci-

193 1271 222 1295 15
244 1265 329 1310 piat
356 1267 576 1302 contraria.
629 1265 696 1302 Sic
724 1267 833 1311 lege:
863 1266 1060 1310 Amplius.
1089 1266 1126 1301 id
1156 1268 1220 1301 est
1247 1266 1382 1301 adhuc
1411 1266 1553 1310 probo.
1583 1265 1691 1309 quod
1721 1275 1802 1300 non
1825 1266 1920 1300 sunt

243 1332 453 1367 contraria
480 1332 557 1367 sic:
594 1334 665 1367 aut
693 1333 789 1367 sunt
815 1331 1027 1367 contraria
1055 1334 1125 1367 aut
1154 1341 1237 1366 non
1266 1333 1371 1366 sunt.
1425 1330 1538 1368 Sunt.
1568 1331 1697 1375 inquit
1724 1331 1920 1366 adversa-

243 1397 340 1433 rius.
392 1396 490 1433 Inde
525 1397 834 1433 Aristoteles
870 1397 929 1433 sic
963 1397 1098 1441 arguit
1132 1397 1454 1432 inconveniens:
1494 1397 1525 1431 si
1567 1399 1663 1431 sunt
1700 1396 1920 1435 contraria,

243 1462 457 1507 continget
491 1463 667 1499 eandem
706 1472 792 1499 rem
827 1463 1043 1507 suscipere
1078 1461 1289 1498 contraria
1322 1464 1410 1499 etc..
1445 1471 1535 1497 eum
1573 1462 1648 1497 hac
1681 1461 1838 1497 scilicet
1865 1461 1921 1497 in-

243 1527 398 1564 stantia
425 1528 534 1572 quod
565 1528 712 1564 eadem
743 1537 810 1564 res
839 1527 1041 1572 suscipiat
1068 1537 1261 1572 magnum
1292 1530 1332 1563 et
1370 1537 1554 1572 parvum.
1593 1536 1714 1571 quam
1754 1527 1918 1571 quidem

189 1599 224 1624 ‘20
244 1593 483 1629 instantiam
536 1593 672 1640 statim
723 1593 920 1638 supponit
960 1593 1121 1629 dicens:
1170 1593 1390 1636 (ὊηΙίηῃῖΙ
1425 1593 1551 1628 enim.
1605 1592 1651 1628 Et
1685 1595 1749 1628 est
1793 1601 1920 1628 causa

244 1659 549 1695 commendatio
590 1658 920 1703 consequentiae
962 1658 1266 1703 praecedentis.
1327 1659 1394 1693 Es!
1435 1659 1560 1693 onitu.
1622 1658 1730 1694 Vere
1770 1658 1916 1694 eadem

243 1733 313 1760 res
339 1724 456 1760 simul
486 1717 550 1760 est
572 1734 723 1770 magna
745 1727 786 1760 et
808 1734 948 1769 parva.
972 1724 1068 1768 quia
1091 1726 1282 1768 respectu
1306 1725 1424 1759 istius
1448 1727 1488 1759 et
1510 1724 1627 1759 illius.
1670 1724 1702 1759 A
1721 1724 1919 1768 partibus.

245 1789 386 1831 Quare
415 1790 538 1831 idem,
566 1790 662 1835 quia
689 1790 847 1825 scilicet
867 1790 975 1825 idem
999 1790 1172 1834 suscipit
1194 1799 1387 1833 magnum
1411 1791 1451 1825 et
1473 1799 1658 1833 parvum.
1688 1798 1788 1834 ergo
1811 1789 1918 1825 idem

245 1855 415 1900 suscipit
442 1855 662 1891 contraria.
716 1856 746 1891 A
771 1858 888 1900 parte
911 1855 1225 1891 contrariorum.
1249 1865 1329 1890 non
1354 1855 1581 1890 secundum
1606 1855 1664 1890 rei
1687 1855 1920 1890 veritatem.

191 1928 224 1953 εὖ
246 1921 318 1956 sed
358 1921 586 1956 secundum
628 1921 878 1966 opinionem.
936 1921 1017 1955 Set!
1045 1921 1106 1955 nil
1135 1923 1202 1955 est.
1256 1921 1441 1956 Assumit
1483 1920 1734 1956 destruendo
1776 1929 1921 1956 conse-

245 1995 389 2030 quens.
412 1989 455 2022 ut
476 1989 624 2031 postea
645 1987 834 2022 destruat
854 1986 1111 2022 antecedens
1136 1986 1391 2031 praemissae
1409 1986 1739 2030 consequentiae
1757 1986 1919 2022 dicens:

246 2050 325 2088 Sed
355 2052 408 2087 nil
443 2052 617 2097 suscipit
651 2053 769 2087 simul
807 2052 976 2088 diversa
1015 2053 1236 2088 contraria.
1291 2052 1408 2091 Quod
1450 2052 1634 2087 ostendIt
1670 2062 1693 2087 a
1736 2052 1920 2096 partibus

245 2117 547 2154 contrariorum
586 2117 744 2153 dicens:
784 2118 889 2153 Nam
923 2118 1069 2152 nullus
1095 2118 1228 2152 simul
1257 2120 1332 2153 etc.
1387 2118 1435 2152 Er
1471 2117 1616 2152 eadem
1655 2118 1747 2152 sibi.
1801 2116 1920 2152 Aliud

246 2190 512 2226 consequens
549 2182 673 2226 ponit.
712 2184 753 2218 ut
787 2182 972 2227 utrIsque
1008 2182 1126 2217 simul
1156 2182 1377 2217 destructis
1420 2182 1609 2217 destruat
1649 2182 1920 2219 antecedens.

191 2259 227 2285 30
247 2246 406 2283 scilieet
439 2257 631 2292 magnum
670 2250 710 2283 et
748 2257 917 2292 parvum
957 2257 1053 2283 esse
1090 2248 1312 2283 contraria.
1365 2248 1431 2283 Sic
1465 2247 1606 2291 iunge:
1649 2249 1688 2283 ct
1716 2256 1858 2282 rursus
1888 2247 1921 2282 si

246 2320 441 2355 magnum
470 2314 509 2347 et
538 2321 707 2356 parvum
738 2314 834 2347 sunt
860 2313 1082 2348 contraria.
1110 2312 1312 2357 contingit
1340 2312 1510 2347 easdem
1534 2322 1601 2347 res
1624 2312 1699 2347 sihi
1725 2311 1801 2356 ipsi
1825 2321 1920 2347 esse

247 2377 488 2413 contrarias,
510 2377 549 2412 in
572 2378 842 2421 susceptione
864 2377 1023 2413 scilicet
1048 2378 1348 2413 contrariarum
1374 2387 1523 2412 rerum.
1575 2377 1694 2412 Falsa
1717 2379 1789 2412 est.
1812 2377 1922 2413 dicet

247 2440 407 2486 aliquis.
435 2451 713 2487 consequens.
742 2443 865 2478 immo
894 2452 995 2478 vera
1023 2443 1120 2478 dicit
1148 2443 1476 2478 Aristoteles,
1505 2443 1599 2486 quia
1628 2443 1683 2478 ita
1712 2445 1775 2477 est
1803 2443 1841 2477 in
1865 2452 1921 2478 re.

250 2506 290 2540 ut
326 2505 417 2550 ipsa
457 2505 563 2541 dicit.
616 2506 649 2541 A
677 2515 816 2542 causa.
870 2506 916 2542 Et
944 2506 1062 2542 simul
1091 2507 1141 2542 ad
1172 2507 1424 2542 evidentiam
1461 2507 1631 2551 apponit
1670 2506 1921 2542 instantiam.

194 2570 356 2614 35quod
399 2570 556 2606 scilicet
597 2571 703 2607 idem
744 2571 862 2607 simul
904 2574 968 2607 est
1009 2582 1170 2615 magum
1214 2575 1254 2607 et
1296 2582 1479 2616 parvum.
1532 2572 1612 2606 Sed
1647 2572 1921 2615 impossibile.

249 2635 361 2671 Sicut
389 2635 563 2671 destruit
592 2637 762 2680 primum
793 2646 1070 2681 consequens.
1108 2637 1164 2673 ita
1192 2637 1291 2672 l'acit
1318 2640 1358 2672 et
1393 2637 1633 2673 secundum.
1671 2637 1818 2681 quibus
1855 2637 1922 2671 de-

249 2701 415 2736 structis
443 2701 617 2736 destruit
643 2702 899 2737 antecedens
927 2702 1000 2737 ita:
1048 2702 1137 2737 ‚Vota
1161 2705 1218 2737 es!
1244 2703 1385 2745 initur.
1441 2702 1570 2737 Locus
1593 2712 1616 2737 a
1639 2702 1921 2737 destructione

249 2766 606 2810 consequentium.
661 2767 799 2811 Neque
827 2768 973 2803 eadem
1016 2768 1177 2803 ratione
1214 2768 1395 2802 mentum
1433 2768 1597 2810 (armum,
1638 2768 1733 2811 quia
1767 2767 1923 2802 scilieet

249 2831 437 2867 similiter
464 2831 611 2867 eadem
641 2834 681 2867 et
710 2833 835 2868 multa
868 2835 907 2868 et
945 2843 1075 2877 pauca
1111 2833 1288 2868 diversis
1324 2834 1592 2876 respectibus.
1649 2833 1919 2867 Notandum

195 2911 229 2935 4⁴·
251 2897 301 2932 de
330 2896 642 2941 consequentiis
666 2897 918 2940 praemissis.
941 2897 1050 2941 quod
1074 2907 1153 2932 non
1178 2900 1239 2932 est
1263 2898 1501 2933 curandum.
1531 2897 1562 2931 si
1588 2907 1667 2931 non
1691 2897 1781 2932 sint.
1811 2897 1923 2932 dum-

252 2962 373 2998 modo
402 2961 483 2997 sint
513 2962 749 3006 probabiles
778 2962 813 2997 ei
843 2972 932 2997 cum
963 2972 1043 3007 quo
1073 2972 1210 2997 sermo
1240 2963 1484 2998 conseritur.
1535 2963 1645 2997 Atte
1658 2972 1678 2997 n
1692 2962 1713 2997 (l
1727 2972 1748 2997 e
1786 2962 1921 2999 etiam.

251 3027 360 3072 quod
390 3037 470 3063 non
501 3027 663 3063 videtur
701 3028 776 3063 lios:
806 3027 1108 3063 inconveniens
1148 3028 1198 3064 ad
1241 3028 1348 3072 quod
1384 3029 1689 3064 Aristoteles
1728 3027 1848 3063 ducit.
1889 3027 1922 3062 si

398 3151 450 3185 19,
482 3149 536 3186 20,
565 3150 606 3180 :lt
636 3149 841 3180 constantia
965 3151 1007 3180 ll)
1036 3147 1081 3188 sil
1109 3149 1187 3180 sive
1216 3150 1256 3181 Α.
