2200 3387
476 237 506 271 2.
537 237 600 270 Dic
628 237 785 270 Glosscn
814 245 857 268 zu
885 235 954 268 den
984 236 1218 277 Katcgoricn.
1249 252 1289 255 ——
1319 237 1371 269 Dc
1398 237 1616 271 substantia.
1809 233 1875 271 143

205 336 270 373 vel
292 345 449 381 genera
470 334 728 371 continentia
755 334 908 379 primas
936 335 1145 378 tamquam
1176 333 1214 369 in
1246 335 1457 371 sententia
1483 345 1570 373 sua.
1599 338 1639 371 et
1661 336 1765 372 llaec
1792 337 1877 381 qui-

205 402 297 437 dem
327 401 512 437 definitio
542 401 679 446 potest
706 408 813 435 esse.
871 399 916 434 I'l
944 399 1107 443 aliquis
1134 399 1268 438 homo.
1297 399 1335 435 id
1367 402 1431 435 est
1453 401 1701 445 particulare
1725 411 1875 438 nomen

206 467 382 503 bominis
410 467 448 502 in
477 467 554 502 hoc
582 465 748 501 nomine
778 465 899 500 nomo
927 464 1163 500 continetur
1191 467 1233 500 ut
1260 465 1440 501 inferius.

346 530 563 566 Sec-undae
604 529 746 573 initur.
805 528 1149 573 Quandoquidem
1191 529 1314 564 homo
1351 531 1416 565 est
1454 530 1618 575 species
1658 531 1878 568 continens

169 611 184 633 s.
208 596 379 641 primam
409 594 683 631 substantiam
712 595 753 629 et
780 593 932 629 animal
961 602 1094 638 genus
1122 594 1342 630 continens
1381 595 1553 639 primam
1591 596 1878 635 substantiam.

206 663 306 706 ergo
335 662 429 696 sunt
456 659 669 695 secundae
697 658 971 694 substantiae.
1023 659 1056 694 Α
1085 660 1283 703 partibus,
1312 660 1378 696 vel
1406 660 1441 696 si
1469 660 1565 696 illud
1604 663 1666 699 ,ut·
1696 662 1880 698 similitu-

206 727 313 763 dinis
341 728 416 763 est.
450 725 523 761 fiet
549 725 676 760 illatio
703 734 728 760 a
756 724 877 759 simili
904 724 955 760 de
983 725 1136 760 ceteris
1169 725 1363 761 secundis
1389 726 1468 761 hoc
1508 726 1648 762 modo:
1689 728 1881 767 Quando-

206 792 370 837 quidem
399 791 522 827 1101110
551 792 592 826 et
618 789 768 826 animal
798 791 893 825 sunt
928 790 1141 826 secundae
1169 791 1441 830 substantiae.
1469 791 1567 836 quia
1593 794 1689 828 sunt
1715 793 1882 837 species

206 858 271 893 vel
298 866 432 902 genus
459 855 716 891 continentia
743 855 898 900 primas
926 855 1193 895 substantias.
1222 865 1322 901 ergo
1344 856 1427 892 alia
1449 865 1556 901 quae
1578 859 1673 893 sunt
1694 858 1737 893 ut
1757 858 1881 894 homo

153 933 186 958 10
206 923 247 958 et
274 922 437 958 animal.

464 987 471 993 .
1144 986 1151 993 .
1452 987 1459 993 .
1513 987 1520 994 .
1851 989 1858 996 .
1912 960 2047 995 Boetli.

348 987 623 1022 11ίιιηιῐυεϊιιηι
668 988 725 1021 es!
769 988 924 1022 (intem.
983 986 1176 1022 Ostensis
1213 996 1288 1031 per
1323 986 1648 1032 descr1pt10nem
1687 989 1883 1026 secundis
1912 1008 2070 1052 „³54ss

206 1052 452 1089 substantiis
490 1051 673 1088 ostendit
712 1051 820 1087 hanc
860 1061 1004 1088 earum
1052 1052 1350 1097 proprietatem
1397 1053 1507 1097 quod
1548 1053 1667 1098 ipsae
1706 1055 1882 1091 univoce

207 1118 512 1164 praedicantur,
535 1117 645 1162 quod
667 1119 731 1152 est
753 1117 986 1161 praedicari
1008 1118 1174 1153 nomine
1188 1120 1229 1154 et
1243 1118 1406 1154 ratione
1422 1119 1520 1155 data
1541 1120 1769 1156 secundum
1791 1121 1884 1157 sub-

207 1184 415 1223 stantiam.
444 1186 487 1220 ut
507 1193 627 1229 supe
640 1184 762 1220 rius¹
787 1184 792 1228 Ι
817 1183 856 1219 in
885 1184 1129 1220 definitione
1160 1184 1487 1229 aequivocorum
1515 1186 1580 1221 vel
1612 1185 1884 1222 univocorum
1914 1191 1935 1223 r.
1965 1190 2033 1222 2ου

154 1258 188 1285 15
212 1249 447 1295 expositum
477 1251 551 1286 est.
604 1249 688 1286 Nec
715 1250 846 1286 solum
876 1250 956 1286 hoc
989 1249 1187 1286 secundis
1225 1250 1470 1286 substantiis
1510 1251 1704 1291 attribuit,
1740 1261 1884 1288 verum

209 1315 342 1352 etiam'
361 1315 554 1351 omnibus
582 1324 689 1360 quae
718 1315 768 1351 de
796 1315 984 1351 subiecto
1013 1315 1215 1356 dicuntur,
1252 1315 1331 1351 hoc
1358 1317 1423 1351 est
1449 1325 1557 1360 quae
1584 1316 1624 1352 in
1652 1317 1887 1354 substantia

210 1381 514 1426 praedicantur,
546 1382 589 1416 ut
615 1384 794 1426 supra-¹
829 1390 995 1426 quoque
1030 1381 1312 1425 exposuimus.
1365 1380 1432 1416 Sic
1458 1381 1569 1426 lege:
1609 1382 1884 1419 Manifestum

209 1448 279 1487 est,
305 1447 514 1491 qnoniam
555 1456 710 1482 nomen
740 1446 792 1482 de
826 1455 999 1482 numero
1033 1456 1181 1481 eorum
1221 1456 1332 1491 quae
1367 1446 1417 1481 (Ie
1451 1447 1636 1482 subiecto
1673 1448 1885 1484 (licuntur.

211 1522 371 1548 neeesse
397 1514 467 1553 est,
506 1511 545 1547 id
580 1514 642 1548 est
676 1511 998 1548 determinatum
1037 1513 1112 1552 est,
1145 1512 1399 1556 praedicari
1435 1512 1485 1547 cle
1520 1512 1611 1557 ipso
1637 1514 1824 1550 subiecto
1850 1516 1886 1550 et

155 1590 191 1616 ρο
211 1577 335 1613 etiam
360 1577 585 1619 rationem,
606 1577 645 1613 id
667 1579 733 1613 est
753 1576 1038 1613 definitionem
1055 1577 1313 1613 substantiae
1335 1576 1466 1622 ipsius
1482 1577 1674 1614 nominis.
1725 1578 1887 1615 Nomen

209 1652 373 1685 eorum,
406 1642 446 1678 id
474 1644 538 1678 est
566 1652 718 1678 nomen
753 1642 804 1678 de
839 1651 1012 1678 numero
1050 1651 1194 1678 eorum
1229 1651 1336 1687 quae
1374 1642 1565 1678 dicuntur
1601 1643 1652 1679 de
1688 1644 1888 1684 subiecto.

210 1708 316 1744 sieut
336 1710 400 1743 est
427 1708 523 1744 illud
546 1708 654 1752 quod
683 1708 723 1744 in
752 1707 1112 1753 sequentibus³
1133 1707 1297 1743 dicitur:
1326 1707 1611 1744 Secundarum
1639 1709 1889 1746 substantia-

212 1783 300 1810 rum
323 1773 498 1818 species,
520 1773 679 1809 scilicet
694 1773 859 1818 species
875 1773 926 1809 de
943 1782 1116 1809 numero
1139 1773 1417 1809 secundarum
1434 1774 1772 1813 substantiarum,
1789 1784 1839 1811 ac
1854 1775 1888 1811 si

213 1839 388 1875 diceret:
419 1848 527 1883 quae
550 1840 614 1874 est
635 1838 824 1874 secunda
843 1838 1089 1874 substantia.
1123 1837 1184 1874 Ex
1206 1838 1354 1883 quibus
1376 1840 1515 1874 autem
1538 1839 1590 1875 sit
1611 1839 1888 1881 manifestum,

157 1916 191 1941 25
213 1904 418 1950 supponit.
447 1914 537 1940 cum
567 1904 641 1940 ait:
680 1913 743 1942 ‚ex
778 1904 840 1939 his
869 1913 976 1949 quae
1005 1903 1115 1940 dicta
1142 1905 1238 1940 sunt
1266 1903 1480 1949 superius:
1534 1903 1651 1945 Quae
1679 1915 1780 1941 vero
1808 1906 1890 1942 sint

213 1970 290 2011 illa,
324 1979 403 2007 nec
430 1970 520 2016 ipse
551 1970 791 2006 Boethius
817 1970 857 2006 in
887 1969 1153 2015 expositione
1184 1979 1262 2006 nec
1291 1969 1601 2007 Aristoteles
1629 1971 1889 2011 determinat.

211 2036 251 2072 in
274 2036 396 2073 serie,
418 2036 493 2072 sed
516 2036 567 2072 de
588 2036 700 2077 (his)
723 2036 961 2072 diversae
983 2036 1079 2071 sunt
1107 2035 1392 2080 opiniones.
1438 2034 1580 2071 Potest
1601 2036 1680 2073 hoc
1700 2037 1816 2073 innui
1837 2046 1891 2073 ex

213 2102 281 2138 illa
300 2102 444 2147 regula
465 2111 587 2147 quam
617 2101 877 2147 superius*¹
902 2101 1133 2147 praemisit:
1163 2101 1341 2146 ‚quando
1368 2101 1543 2138 alterum
1568 2102 1620 2138 de
1647 2102 1790 2138 altero‘
1814 2104 1890 2139 etc.

213 2160 296 2203 Ubi'
317 2167 426 2204 enim
455 2177 607 2203 nomen
635 2167 802 2213 generis
836 2167 888 2203 de
922 2167 1064 2212 specie
1098 2168 1141 2203 ut
1178 2167 1228 2203 de
1266 2167 1454 2203 subiecto
1491 2167 1640 2203 dicitur
1676 2169 1716 2204 et
1753 2168 1893 2204 omnia

160 2233 434 2278 aosuperiora
470 2233 521 2269 de
561 2232 838 2273 inferioribus,
879 2234 1055 2278 apparet
1093 2241 1260 2277 quoque
1297 2241 1441 2268 eorum
1468 2232 1747 2273 definitiones,
1784 2242 1892 2278 quae

214 2307 305 2334 cum
334 2298 394 2334 eis
421 2300 517 2334 sunt
543 2298 851 2339 convertibiles,
880 2298 931 2334 de
958 2298 1156 2334 subiectis
1184 2297 1286 2343 ipsis
1307 2297 1554 2343 praedicari.
1606 2298 1747 2334 Potest
1767 2298 1892 2334 etiam

215 2362 310 2398 inde
338 2363 416 2398 hoc
443 2362 707 2398 manifestum
736 2372 833 2399 esse
861 2363 971 2407 quod
1009 2363 1066 2398 ait
1098 2362 1316 2407 superiora
1351 2362 1402 2398 de
1440 2362 1631 2398 omnibus
1669 2363 1755 2398 suis
1793 2362 1893 2399 infe-

216 2427 391 2463 rioribus
419 2427 693 2472 praedicari-³,
730 2428 795 2463 vel
825 2437 878 2464 ex
907 2428 985 2463 hoc
1012 2427 1137 2464 etiam
1166 2428 1275 2472 quod
1304 2427 1563 2464 novissimeG
1589 2427 1703 2469 dixit,
1738 2428 1893 2473 primas

216 2493 373 2529 scilicet
409 2493 664 2529 substantias
702 2493 742 2528 in
781 2493 976 2529 secundis
1011 2492 1176 2528 includi.
1229 2492 1346 2532 Quae
1387 2492 1497 2529 enim
1538 2492 1804 2529 continentur
1842 2493 1894 2529 ab

163 2568 197 2593 :35
218 2558 422 2603 aliquibus
451 2558 515 2594 vel
545 2558 605 2594 eis
638 2559 938 2603 supponuntur,
976 2558 1015 2594 in
1053 2567 1195 2594 eorum
1235 2567 1400 2602 quoque
1438 2558 1750 2594 definitionibus
1787 2558 1895 2594 clau-

219 2624 379 2659 duntur.
436 2622 481 2657 l't
510 2623 701 2658 hominis
729 2632 897 2663 nomen,
925 2622 962 2658 id
993 2624 1058 2658 est
1084 2622 1162 2658 hoc
1196 2631 1348 2658 nomen
1387 2622 1508 2657 homo
1546 2622 1612 2658 vel
1647 2631 1798 2658 nomen
1836 2622 1895 2657 rei

219 2688 328 2733 quod
355 2687 478 2723 homo
507 2689 582 2727 est,
610 2687 660 2722 ‹le›
685 2688 834 2731 aliquo
856 2687 1042 2729 homme,
1068 2687 1107 2723 id
1130 2689 1194 2723 est
1221 2687 1272 2723 de
1300 2687 1439 2732 aliquo
1467 2687 1705 2732 particulari
1728 2688 1895 2723 nomine

220 2753 408 2789 hominis.
461 2752 646 2795 Quidam
685 2753 798 2788 enim
835 2754 974 2788 homo.
1034 2752 1184 2788 Probat
1225 2762 1300 2797 per
1334 2754 1523 2788 naturam
1560 2762 1696 2788 rerum
1735 2752 1896 2797 praedi-

219 2818 427 2855 cationem
457 2818 634 2853 nominis
663 2818 728 2854 vel
757 2818 1023 2855 definitionis,
1051 2827 1100 2853 ac
1128 2817 1162 2853 si
1191 2817 1247 2853 ita
1284 2817 1462 2853 diceret:
1501 2817 1610 2853 Vere
1646 2818 1780 2855 homo.
1818 2818 1895 2853 hoc

363 2941 405 2973 27
435 2941 479 2972 de
506 2940 664 2972 diversis
691 2939 717 2971 Α

366 3011 374 3033 ¹
404 3012 456 3044 Cr.
472 3019 593 3052 supra
610 3019 643 3051 p.
662 3006 819 3042 1132-21.
888 3010 902 3031 “-’
925 3011 976 3042 Cr.
997 3018 1120 3051 supra
1135 3019 1169 3050 p.
1190 3010 1254 3042 126
1270 3018 1352 3050 sqq.
1428 3009 1442 3029 ¹¹
1463 3009 1612 3041 Boeth.
1630 3009 1652 3041 I.
1668 3019 1707 3045 e..
1732 3018 1764 3049 p.
1785 3010 1896 3041 181313.

365 3072 376 3092 ⁴
405 3071 555 3103 Boeth.
585 3070 606 3102 I.
634 3079 675 3108 6.,
703 3079 735 3110 p.
768 3070 832 3101 175
848 3069 885 3101 C.
984 3069 998 3090 Γ·
1027 3070 1174 3101 Boeth.
1205 3070 1225 3101 I.
1255 3079 1293 3105 c..
1324 3079 1356 3109 p.
1388 3070 1451 3101 177
1469 3070 1508 3101 Α.

364 3130 379 3149 ⁴³
407 3129 560 3162 Boctli.
589 3129 610 3161 I.
639 3139 678 3166 e..
708 3138 741 3169 p.
773 3128 889 3160 1⁸11).

295 3186 409 3214 Beitr.
432 3185 503 3213 xxi.
543 3185 621 3217 (icy
632 3192 648 3209 υ
660 3191 685 3215 r,
709 3183 880 3210 Abnclnrds
902 3183 1008 3216 philos.
1029 3183 1190 3210 Schriften.
1716 3176 1755 3207 10
