2200 3387
595 253 626 285 2.
655 251 720 284 Die
749 251 905 284 Glossen
933 259 976 283 zu
1004 249 1073 282 den
1102 249 1336 290 Kutegorien.
1365 266 1409 270 —
1438 248 1489 281 Dc
1516 247 1641 281 Priori.
1878 244 1947 280 289

272 349 450 386 cundum
479 349 678 388 ordinem.
707 358 848 384 rursus
879 347 1105 384 secundum
1138 349 1300 391 tempus
1331 346 1455 382 ctiam
1487 345 1599 391 prius
1637 345 1718 381 alia
1746 354 1815 381 res
1837 345 1948 390 prior

271 414 403 451 altera
431 415 587 453 dicitur,
617 416 658 450 ut
685 415 817 450 altera
844 412 1038 458 prioritas
1067 412 1293 448 secundum
1329 411 1485 447 ordinis
1521 411 1782 455 positionem,
1816 410 1948 446 altera

271 480 499 516 secundum
541 479 740 524 temporis
782 477 999 514 transitum
1038 476 1277 522 accipiatur.
1316 476 1404 512 sive
1442 476 1480 511 in
1519 477 1664 512 eadem
1703 486 1747 512 re
1784 476 1874 512 sive
1908 476 1947 511 in

272 545 460 581 diversis.
514 543 888 588 Quemadmodum
919 542 1247 586 r1⁴11.(IL-:ciple'nIs.
1302 541 1551 585 Disciplinas
1589 543 1711 576 vocat
1748 541 1948 576 exercitia

233 610 470 649 ⁵discendi.
510 610 547 646 in
586 609 734 654 quibus
770 608 935 654 quidam
971 607 1073 643 ordo
1108 608 1312 645 servatur,
1351 615 1442 641 cum
1483 606 1587 641 llaec
1627 606 1677 641 ad
1720 605 1947 641 doctrinam

269 675 572 712 convenienter
599 676 695 710 ante
723 674 792 710 illu
819 673 1105 718 disponantur.
1133 671 1231 717 quia
1268 671 1381 717 prius
1409 670 1667 707 addiscenda
1703 672 1799 706 sunt
1827 680 1948 715 quam

268 741 347 777 illa.
388 741 508 777 Nam.
550 740 658 776 Vere
675 740 713 776 in
737 738 964 784 disciplinis
988 737 1100 783 prius
1123 739 1187 773 est
1208 739 1249 773 et
1270 736 1478 782 posterius
1499 736 1725 772 secundum
1749 736 1949 777 ordinem,

269 806 366 852 quia
394 806 433 842 in
463 804 802 842 demonstrativis
831 803 1071 848 disciplinis.
1124 803 1157 839 A
1180 804 1309 848 parte.
1362 801 1723 838 Demonstrativas
1751 801 1844 837 ideo
1873 801 1951 837 tor-

269 874 382 908 tasse
403 871 511 910 dicit.
540 870 636 916 quia
658 870 720 906 his
742 869 983 906 exercendo
1006 878 1087 904 non
1111 868 1244 904 solum
1267 867 1621 912 contemplatione
1643 867 1768 903 animi
1790 867 1950 905 utimur,

218 942 251 968 10
272 946 415 973 verum
445 936 569 972 etiam
599 934 957 972 demonstratione
994 933 1179 970 sensuali
1214 933 1454 978 experimur
1490 933 1599 978 quod
1633 932 1790 974 dicitur,
1829 935 1872 969 ut
1910 933 1950 968 in

270 1000 457 1037 doctrina
484 999 740 1046 geometriae
768 999 974 1044 quaedam
995 998 1125 1034 oculis
1147 998 1336 1034 subiecta
1358 999 1650 1034 monstrantur.
1685 996 1789 1037 Quid
1812 998 1950 1033 autem

269 1065 310 1102 in
339 1065 570 1111 geometria
598 1067 722 1101 vocat
750 1065 959 1101 elementa
987 1064 1052 1100 vel
1081 1063 1177 1109 quid
1211 1063 1529 1108 descriptiones,
1566 1072 1642 1099 nos
1678 1062 1747 1108 qui
1784 1062 1951 1098 omnino

269 1130 369 1166 artis
390 1131 588 1175 expertes
610 1139 766 1170 sumus,
788 1129 1065 1175 ignoramus1.
1118 1128 1232 1164 Haec
1260 1137 1360 1164 vero
1389 1127 1602 1164 suffecerit
1628 1127 1813 1167 credere,
1842 1127 1951 1172 quod

269 1193 382 1240 prius
422 1194 477 1230 ibi
521 1194 766 1230 ordinantur
805 1193 1014 1229 elementa
1041 1202 1164 1238 quam
1199 1191 1516 1237 descriptiones.
1569 1192 1787 1228 Elementa
1824 1192 1951 1228 enim.

218 1267 250 1292 15
270 1258 380 1296 Vere
409 1259 449 1295 in
477 1259 819 1296 demonstrativis
847 1258 1075 1304 disciplinis
1103 1259 1309 1303 quaedam
1339 1260 1434 1294 sunt
1452 1258 1593 1303 priora
1614 1258 1704 1294 aliis
1724 1258 1952 1294 secundum

274 1325 475 1366 ordinem,
515 1325 612 1370 quia
650 1324 860 1361 elementa
899 1324 1262 1369 descriptionibus.
1314 1323 1348 1360 A
1385 1323 1579 1369 partibus.
1632 1322 1699 1359 Sic
1739 1325 1952 1360 construe:

277 1391 488 1427 elementa
516 1392 612 1426 sunt
638 1390 778 1436 priora
804 1399 880 1435 per
906 1390 1093 1426 ordinem
1122 1389 1186 1426 his
1214 1398 1321 1434 quae
1350 1389 1652 1429 describuntur.
1679 1389 1719 1425 id
1752 1390 1816 1425 est
1852 1389 1952 1434 ipsis

276 1454 641 1500 descriptionibus.
692 1453 740 1490 Et
766 1454 807 1490 in
841 1453 1113 1500 grammatica
1146 1453 1335 1489 similiter
1371 1454 1485 1498 prius
1526 1455 1727 1490 tractatur
1765 1453 1955 1490 doctrina

272 1520 587 1561 elementorum,
615 1519 655 1557 id
683 1522 748 1556 est
775 1520 997 1561 literarum,
1026 1529 1149 1565 quam
1177 1519 1432 1564 syllabarum
1463 1521 1503 1555 et
1530 1519 1570 1555 in
1599 1519 1789 1555 oratione
1817 1519 1953 1556 retho-

216 1591 251 1616 ‘20
273 1585 359 1622 rica
385 1585 498 1631 prius
527 1586 742 1622 ordinatur
767 1586 1038 1631 prooemium,
1066 1585 1218 1622 deinde
1246 1585 1441 1622 narratio.

413 1651 625 1696 Amplius.
679 1650 879 1692 Quartum
915 1651 1081 1687 modum
1116 1650 1269 1687 Prioris
1307 1651 1513 1696 supponit,
1553 1651 1621 1696 qui
1662 1651 1854 1687 consistit
1893 1660 1956 1687 se—

275 1716 453 1753 cundum
483 1716 725 1762 dignitatem
752 1717 1034 1762 praelationis.
1072 1716 1178 1753 sicut
1205 1717 1270 1752 est
1296 1716 1409 1761 prior
1435 1717 1746 1753 monachorum.
1797 1716 1954 1762 Supra,

273 1781 313 1818 id
343 1783 407 1818 est
434 1784 604 1827 praeter
641 1791 692 1818 ea
724 1782 867 1818 Priora
903 1791 1011 1827 quae
1048 1781 1158 1818 dicta
1194 1783 1290 1818 sunt
1330 1781 1533 1827 superius,
1574 1784 1639 1818 cst
1677 1782 1742 1818 hic
1782 1784 1953 1827 quartus

274 1848 421 1884 modus
449 1847 613 1886 Prioris.
643 1847 711 1892 qui
748 1848 914 1892 quidem
942 1847 1170 1884 attenditur
1205 1847 1271 1884 vel
1309 1847 1537 1883 secundum
1574 1847 1803 1888 utilitatem,
1844 1848 1953 1892 quod

217 1917 252 1943 2⁵
274 1912 467 1959 designat
482 1922 558 1958 per
579 1913 760 1955 ,melius·,
783 1913 848 1949 vel
870 1912 1099 1949 secundum
1122 1913 1398 1954 honestatem,
1421 1913 1531 1958 quod
1551 1913 1701 1958 accipit
1720 1923 1796 1958 per
1817 1913 1955 1951 ,hono-

272 1976 467 2013 rabilius‘.
520 1977 800 2019 Naturaliter,
837 1977 877 2013 id
915 1978 981 2013 est
1016 1977 1195 2022 proprie.
1248 1977 1372 2013 Nota
1405 1977 1515 2022 quod
1552 1977 1655 2013 dixit
1692 1977 1876 2015 ,videtur‘
1914 1979 1955 2014 et

272 2051 356 2078 non
372 2042 475 2078 dixit
490 2043 589 2083 ,est‘,
605 2042 702 2088 quia
722 2043 763 2078 In
786 2042 1058 2088 sequentibus
1080 2043 1161 2079 iam
1183 2052 1320 2087 paene
1342 2042 1643 2079 alienissimum
1664 2043 1773 2079 hunc
1788 2043 1954 2079 modum

273 2117 369 2144 esse
392 2107 574 2145 dicturus
597 2110 672 2150 est,
694 2108 764 2154 qui
784 2108 1013 2145 secundum
1035 2108 1381 2145 consuetudinem
1403 2110 1444 2145 et
1464 2108 1721 2145 voluntatem
1743 2108 1954 2145 hominum

274 2173 406 2210 dictus
429 2175 493 2210 est
515 2175 555 2210 et
576 2173 617 2210 in
639 2183 835 2210 sermone
851 2174 986 2210 minus
1002 2174 1178 2210 usitatus
1193 2174 1375 2210 fortasse
1392 2174 1621 2210 videbatur.
1659 2174 1777 2210 Modz'
1801 2175 1953 2215 itaque.

219 2245 255 2271 30
274 2238 535 2275 Enumeratis
564 2241 758 2284 quattuor
785 2239 919 2276 modis
947 2239 1111 2281 Primis,
1140 2239 1237 2285 quia
1273 2239 1459 2285 quintum
1495 2239 1652 2276 addere
1680 2240 1858 2279 volebat.
1887 2240 1954 2285 qui

273 2305 381 2341 teste
410 2303 650 2340 Boethio2
686 2304 834 2350 priscis
871 2305 1131 2350 philosophis
1159 2306 1249 2341 erat
1285 2305 1512 2351 ignoratus,
1550 2305 1733 2341 ostendit
1760 2307 1953 2350 quattuor

274 2369 532 2415 praemissos
559 2369 612 2405 ab
639 2369 732 2406 aliis
759 2369 841 2406 iam
870 2379 965 2406 esse
994 2370 1224 2407 distinctos.
1275 2370 1406 2406 Illatio
1429 2371 1488 2407 sic
1506 2370 1569 2406 fit:
1607 2370 1953 2416 Quandoquidem

274 2435 341 2471 isti
369 2436 564 2480 quattuor
592 2435 845 2480 suprapositi
874 2435 983 2472 modi
1011 2435 1164 2472 Prioris
1201 2438 1297 2472 sunt
1329 2436 1397 2472 ille
1433 2436 1581 2472 modus
1609 2436 1761 2472 Prioris
1789 2436 1857 2482 qui
1892 2438 1956 2472 est

275 2500 505 2536 secundum
538 2502 700 2545 tempus
739 2502 780 2537 et
807 2501 1035 2537 secundum
1064 2501 1251 2538 ordinem
1279 2503 1367 2540 etc..
1405 2511 1504 2547 ergo
1539 2504 1634 2538 sunt
1667 2502 1723 2538 illi
1750 2502 1859 2538 modi
1888 2502 1953 2547 qui

220 2573 255 2599 35
277 2565 357 2602 iam
385 2565 482 2601 dicti
510 2566 604 2601 sunt
638 2575 663 2602 a
696 2566 847 2603 ceteris
875 2576 1041 2612 quoque
1077 2566 1345 2612 philosophis.
1397 2567 1430 2603 A
1468 2567 1654 2612 partibus
1692 2567 1757 2603 vel
1788 2566 1818 2603 'a
1854 2567 1955 2612 pari.

428 2629 598 2665 Videtur
617 2631 773 2666 autem.
818 2629 925 2666 Ecce
953 2630 1132 2675 quintus,
1161 2640 1282 2676 quem
1311 2641 1365 2667 ex
1387 2641 1463 2667 sua
1484 2633 1601 2676 parte
1624 2631 1747 2667 addit.
1795 2631 1952 2667 Eorum

276 2695 403 2730 enim.
456 2694 565 2730 Vere
593 2695 674 2731 alia
701 2695 890 2740 acceptio
908 2695 1059 2732 Prioris
1088 2698 1152 2732 cst
1179 2706 1204 2732 a
1231 2697 1517 2742 suprapositis,
1539 2697 1635 2741 quia
1664 2697 1743 2732 ista
1764 2706 1871 2741 quae
1893 2706 1955 2732 se-

277 2758 453 2795 cundum
483 2768 652 2794 causam
681 2759 923 2804 simpliciter
949 2759 1161 2805 accipitur.
1213 2760 1247 2796 A
1275 2762 1404 2805 parte.
1456 2760 1579 2796 Nota
1601 2760 1709 2805 quod
1732 2761 1783 2796 ad
1812 2760 1955 2805 priori-

276 2826 405 2861 tatem
441 2824 533 2860 sola
568 2833 697 2860 causa
724 2824 804 2860 vim
844 2824 980 2865 liabet,
1018 2834 1099 2860 non
1138 2825 1261 2861 etiam
1299 2825 1533 2864 conversio.
1571 2825 1694 2861 immo
1732 2825 1954 2861 conversio

222 2905 257 2929 40
278 2889 410 2935 magis
437 2889 487 2925 ad
516 2888 634 2925 simul
662 2899 784 2934 quam
813 2890 864 2926 ad
893 2889 1033 2931 <Prius
1062 2890 1275 2934 pertinet).
1328 2890 1374 2926 Et
1400 2890 1580 2926 fortasse
1602 2890 1695 2926 ideo
1718 2890 1954 2935 exemplum

424 2989 437 3019 1
458 2985 736 3038 priusltempus
812 2989 830 3020 4
853 2988 1048 3028 disciplina
1060 2987 1085 3020 A
1142 2988 1320 3020 exercitio
1341 2988 1368 3020 A
1455 2990 1491 3020 11
1517 2989 1705 3021 subiectae
1720 2989 1747 3020 A
1813 2989 1854 3021 16
1866 2990 1956 3030 pos!

278 3048 331 3080 sic
353 3047 464 3079 habet
475 3047 502 3079 A
515 3056 526 3079 :
544 3048 607 3080 ctit
628 3047 732 3088 quod
753 3048 888 3088 lapsus
909 3048 1052 3080 calami
1071 3056 1151 3079 esse
1173 3047 1320 3080 videtui·
1399 3049 1438 3080 17
1463 3047 1571 3088 quael
1594 3051 1641 3088 qn
1667 3048 1693 3079 ‚1
1765 3048 1807 3080 22
1830 3057 1954 3080 mona-

277 3115 402 3139 corum
429 3106 456 3138 Α
583 3107 625 3139 ⁴0
654 3106 755 3147 prius
784 3107 942 3146 pertinet
970 3106 1114 3143 addidi,
1143 3107 1286 3139 lacuna
1315 3107 1353 3139 In
1376 3107 1415 3139 A.

422 3165 431 3186 ¹
463 3166 514 3198 Cf.
543 3166 724 3201 Cousin.
756 3167 954 3206 Om'rayes
981 3166 1128 3203 infidus,
1158 3175 1190 3206 p.
1222 3167 1298 3199 182.
1434 3167 1448 3188 ’-’
1475 3166 1623 3199 Boeth.
1653 3166 1674 3198 I.
1703 3166 1899 3246 ο..1ἑτ..284
1918 3166 1953 3199 Β.

1983 1617 2119 1652 Boetli.

1987 1676 2019 1709 p.
2035 1665 2107 1699 255
2118 1665 2148 1699 Β

1985 2605 2119 2640 Boetli.

1984 2664 2018 2697 ι).
2038 2653 2109 2687 2⁸03
2124 2653 2156 2688 D
