2200 3387
176 953 208 978 lo

174 1279 206 1305 15

169 1940 204 1966 ‘25

169 2270 204 2295 30

168 2590 202 2616 35

403 261 433 294 2.
463 261 528 294 Die
555 262 712 295 Glossen
740 271 784 295 zu
811 262 880 295 den
908 261 1143 302 Kategorien.
1172 279 1215 284 —
1245 261 1296 294 De
1324 261 1421 302 quali
1449 263 1486 294 et
1513 261 1700 302 qualitate.
1839 259 1908 295 243

232 360 309 399 est.
345 361 513 395 ceterae
547 369 655 405 quae
695 359 907 396 naturales
947 360 1043 394 sunt
1081 358 1379 395 ammiscentur
1416 358 1482 395 vel
1522 360 1631 404 quod
1671 359 1793 396 modo
1820 363 1908 401 <se-

232 425 434 466 cundum>
475 425 687 463 terminos.
728 425 850 461 modo
887 424 1116 460 secundum
1162 425 1271 460 totas
1319 424 1626 469 propositiones
1666 428 1907 470 (argumen-

232 491 404 530 tantur).
457 490 563 526 Num
593 491 630 526 si
657 492 724 526 est.
777 489 885 526 Vere
914 489 1047 525 omnis
1076 489 1252 534 qualitas
1279 489 1489 525 contraria
1510 490 1635 526 babet
1655 491 1906 526 contrarium

231 555 341 600 quod
369 557 433 591 est
460 556 649 600 qualitas.
677 555 773 601 quia
801 555 857 591 ita
883 556 948 591 est
974 554 1062 596 <in>
1091 554 1193 593 istis.
1223 556 1265 590 ut
1298 554 1498 590 iniustitia
1529 557 1569 591 et
1597 555 1761 594 iustitia,
1790 558 1830 591 et
1857 556 1907 592 si-

231 620 382 657 militer
409 620 447 656 in
477 621 568 657 aliis
596 621 790 667 Intellige.
842 620 876 657 Α
904 620 1102 666 partibus.
1155 619 1202 656 Et
1228 620 1307 656 hoc
1335 622 1416 656 est:
1453 620 1553 656 Nam
1589 620 1622 656 si
1655 620 1811 657 iustitia
1843 624 1907 657 est

228 684 452 721 iniustitiae
481 685 731 721 contrarium
760 687 801 721 et
828 685 917 730 ipsa
944 684 1100 720 iustitia
1127 684 1180 720 sit
1207 684 1394 729 qualitas.
1423 684 1623 721 iniustitia
1649 694 1814 730 quoque
1843 688 1907 722 est

229 750 417 795 qualitas.
471 750 644 786 Nullum
675 751 801 786 enim.
854 749 963 786 Vere
992 750 1191 786 iniustitia
1218 752 1282 786 est
1309 749 1500 795 qualitas,
1528 750 1626 796 quia
1647 760 1731 787 non
1753 753 1818 787 est
1838 761 1906 788 res

229 814 367 860 aliqua
395 815 568 851 aliorum
597 815 1042 861 praedicamentorum.
1097 814 1156 851 Ab
1178 814 1438 851 immediatis.
1490 815 1558 851 Sic
1578 817 1736 858 autem,
1762 816 1802 852 id
1825 817 1904 853 est:

228 879 335 916 sicut
362 882 427 917 est
454 881 505 917 de
532 881 609 917 hac
636 881 834 926 qualitate
863 880 1083 918 contraria,
1111 880 1221 926 quod
1250 880 1375 917 habet
1402 890 1521 917 suum
1549 881 1802 918 contrarium
1829 883 1905 918 sub

228 945 438 992 qualitate,
472 946 529 983 ita
556 949 597 983 et
623 946 675 983 de
702 946 793 983 aliis
821 946 1040 983 contrariis
1069 955 1175 991 quae
1210 946 1439 983 secundum
1467 946 1588 992 quale
1623 948 1728 988 sunt.
1766 947 1804 984 id
1843 950 1905 984 est

227 1020 336 1057 quae
364 1014 459 1048 sunt
485 1011 716 1057 qualitates,

368 1083 555 1129 Suscipit
583 1086 738 1120 autem.
792 1083 904 1120 Sicut
926 1084 1110 1129 ipsarum
1132 1084 1374 1129 qualitatum
1397 1084 1487 1121 sive
1510 1084 1692 1130 qualium
1714 1087 1903 1122 naturam

226 1149 390 1194 aperuit
415 1149 573 1186 docens
600 1151 775 1195 utraque
803 1149 1111 1195 quodammodo
1149 1149 1359 1186 contraria
1395 1149 1485 1189 dici.
1522 1150 1580 1186 ita
1616 1152 1657 1186 et
1693 1151 1904 1189 nominum

225 1213 506 1259 proprietates
534 1214 758 1260 distinguit,
787 1214 929 1250 dicens
958 1214 1116 1250 scilicet
1143 1214 1376 1259 qualitates,
1404 1214 1444 1250 id
1471 1216 1536 1251 est
1556 1215 1761 1252 vocabula
1782 1216 1906 1262 signi-

225 1276 396 1315 ficantia
423 1278 654 1323 qualitates,
683 1278 735 1315 ad
763 1278 1118 1324 comparationem
1146 1278 1302 1318 venire,
1340 1280 1504 1324 sumpta
1540 1279 1698 1316 scilicet
1733 1281 1904 1323 tantum,

227 1353 310 1380 non
329 1343 632 1385 substantialia,
649 1346 690 1380 et
704 1353 846 1380 rursus
862 1353 945 1380 non
968 1344 1107 1380 omnia
1129 1345 1305 1389 sumpta,
1327 1344 1403 1380 sed
1425 1344 1643 1389 quaedam.
1672 1344 1740 1382 Sic
1759 1345 1903 1393 iunge:

227 1408 458 1450 Qualitates
486 1409 576 1446 sive
604 1409 754 1455 qualia,
786 1419 855 1446 res
882 1409 1012 1455 ipsae,
1050 1409 1389 1446 contrarietatem
1426 1409 1658 1455 suscipiunt
1695 1412 1827 1458 magis
1864 1414 1905 1449 et

226 1473 362 1509 minus
402 1473 443 1509 in
484 1473 809 1519 comparatione.
871 1472 990 1514 Quod
1030 1473 1169 1510 statim
1208 1473 1390 1510 ostendit
1428 1473 1469 1510 in
1513 1474 1699 1519 partibus
1740 1475 1902 1513 dicens:

225 1538 379 1575 Album
408 1539 524 1575 enim
553 1540 629 1575 etc.
679 1539 761 1575 Sed
785 1541 823 1575 et
849 1539 958 1584 ipsa.
1010 1539 1124 1575 Duos
1153 1539 1476 1585 comparationis
1503 1540 1649 1576 modos
1677 1540 1903 1587 distinguit,

171 1607 186 1632 Ξ
227 1603 324 1650 quia
362 1604 521 1641 scilicet
559 1604 842 1650 aliquando.
874 1604 1131 1650 comparatio
1168 1604 1347 1641 refertur
1383 1605 1435 1641 ad
1472 1605 1641 1642 diversa
1676 1605 1717 1642 in
1754 1607 1903 1644 eodem

224 1671 425 1715 tempore,
454 1670 561 1706 sicut
587 1670 754 1715 quando
775 1670 949 1707 dicimus
974 1670 1148 1706 alterum
1171 1670 1404 1707 subiectum
1425 1670 1630 1708 albedinis
1652 1681 1749 1708 esse
1771 1672 1904 1709 albius

224 1734 368 1774 altero.
395 1734 667 1780 aliquando
694 1735 747 1772 ad
774 1735 882 1771 idem
911 1734 1140 1771 secundum
1174 1735 1466 1771 alterationem
1501 1735 1609 1772 illius
1645 1735 1686 1772 in
1723 1736 1901 1774 diversis

224 1800 493 1846 temporibus,
521 1802 564 1837 ut
591 1810 683 1837 cum
710 1801 820 1837 idem
848 1800 996 1837 dicitur
1021 1800 1156 1837 albius
1176 1800 1311 1841 hodie,
1333 1810 1457 1846 quam
1479 1803 1594 1838 esset
1614 1801 1714 1838 heri.
1766 1801 1903 1839 Conti-

225 1866 379 1902 nuatio.
429 1866 519 1902 Non
547 1867 681 1903 solum
708 1866 884 1903 alterum
912 1866 1143 1903 subiectum
1164 1866 1312 1903 dicitur
1332 1866 1467 1903 albius
1495 1869 1691 1913 respectu
1717 1868 1900 1909 alterius,

224 1931 298 1968 sed
323 1931 419 1977 ipsa
453 1932 585 1968 etiam
619 1941 726 1978 quae
763 1932 859 1969 alba
895 1934 1001 1973 sunt,
1038 1934 1296 1968 crementum
1337 1932 1566 1978 suscipiunt
1603 1935 1797 1979 respectu
1837 1935 1902 1971 sui

224 1997 393 2038 scilicet,
421 1997 548 2034 veluti
576 2007 628 2034 ea
654 2007 762 2043 quae
790 1997 913 2034 modo
935 1999 1031 2034 sunt
1051 1997 1157 2039 alba,
1179 1998 1310 2044 magis
1332 1998 1427 2034 alba
1449 2007 1546 2035 esse
1568 1999 1770 2045 contingit
1790 2009 1899 2036 nunc

223 2071 348 2108 quam
374 2062 500 2109 prius.
551 2063 797 2100 Candidum
824 2073 1023 2105 namque.
1075 2063 1185 2100 Vere
1207 2063 1414 2109 quaedam
1435 2064 1624 2101 subiecta
1645 2065 1901 2102 conveniunt

223 2128 277 2166 ad
302 2128 661 2175 comparationem
688 2129 763 2170 sui,
797 2129 894 2175 quia
927 2129 1085 2166 scilicet
1107 2130 1111 2174 Ι
1136 2129 1367 2166 subiectum
1403 2129 1607 2167 candoris.
1659 2130 1752 2167 Vel:
1792 2131 1902 2168 Vere

224 2195 432 2241 quaedam
459 2195 628 2231 nomina
656 2195 899 2241 qualitatum
926 2197 1223 2241 comparantur
1249 2196 1361 2232 circa
1395 2195 1506 2232 idem
1532 2196 1775 2239 subiectum,
1804 2197 1900 2243 quia

223 2260 437 2297 candidus.
489 2261 523 2296 A
544 2262 675 2306 parte.
726 2260 774 2296 Et
788 2261 867 2297 hoc
883 2262 964 2297 est:
997 2270 1092 2297 cum
1114 2261 1349 2297 candidum
1377 2262 1432 2298 sit
1459 2262 1614 2307 aliquid
1641 2262 1777 2305 modo,
1804 2273 1899 2300 eon-

224 2326 364 2370 cinyit,
389 2326 596 2371 amplius,
621 2326 661 2362 id
689 2327 754 2362 est
780 2326 925 2372 magis,
952 2327 1189 2363 candidum
1216 2327 1310 2363 sieri
1330 2328 1593 2373 quandoque.
1644 2327 1768 2365 Nota
1789 2329 1899 2374 quod

223 2392 331 2428 bene
359 2391 457 2428 dicit
491 2391 583 2437 ipsa
615 2393 811 2437 respectu
846 2392 908 2428 sui
942 2391 1158 2438 suscipere
1194 2394 1463 2433 crementum.
1498 2395 1707 2430 annotans
1743 2394 1900 2431 scilicet

223 2455 459 2493 huiusmodi
494 2456 851 2501 comparationem
877 2459 1009 2499 <non>
1043 2466 1211 2503 semper
1246 2460 1514 2504 augmentum
1551 2458 1746 2495 existere.
1798 2458 1898 2496 Cum

224 2521 334 2558 enim
361 2522 627 2567 augmentum
656 2523 697 2557 et
724 2521 1016 2558 detrimentum
1043 2523 1251 2568 quaedam
1279 2522 1361 2559 sint
1390 2525 1538 2564 motus,
1566 2524 1774 2569 quomodo
1802 2533 1899 2571 aug-

224 2585 407 2623 mentum
435 2585 649 2632 continget
676 2585 754 2622 nisi
780 2595 826 2623 re
853 2586 894 2623 in
922 2596 968 2623 se
996 2586 1088 2633 ipsa
1114 2586 1299 2624 mutata?
1349 2587 1402 2624 At
1438 2597 1539 2625 vero
1576 2588 1698 2625 aliam
1734 2598 1898 2635 compa-

222 2651 426 2688 rationem
454 2659 562 2696 quae
589 2651 698 2688 inter
717 2651 885 2688 diversa
910 2651 965 2690 fit.
993 2662 1076 2689 non
1098 2655 1162 2689 est
1181 2662 1359 2690 necesse
1380 2653 1610 2690 secundum
1631 2656 1897 2701 augmentum

221 2716 324 2753 fieri.
376 2715 538 2762 Quippe
565 2716 697 2753 maior
724 2719 787 2753 est
813 2717 878 2754 hic
904 2718 1010 2763 lapis
1037 2718 1105 2754 illo
1127 2728 1210 2755 non
1231 2729 1307 2764 per
1327 2720 1595 2762 crementum,
1617 2729 1708 2756 cum
1730 2729 1899 2766 semper

222 2782 275 2819 ab
302 2781 418 2818 initio
445 2781 671 2818 creationis
699 2791 802 2819 suae
830 2784 970 2819 tantus
997 2783 1262 2829 perstitisset.
1314 2783 1457 2820 Omnis
1493 2793 1672 2830 namque
1707 2785 1896 2830 operatio

222 2847 449 2884 secundum
478 2847 755 2884 maioritatem
783 2848 1145 2893 minoritatemque
1181 2849 1381 2887 consistit.
1419 2849 1495 2886 sed
1531 2859 1614 2886 non
1651 2849 1786 2887 omnis
1821 2859 1898 2896 per

1933 1064 2069 1100 Boctli.

1935 1123 1970 1156 p.
1985 1113 2056 1148 256
2067 1113 2093 1149 C

1931 2135 1953 2168 s.
1981 2136 2050 2169 3-1r

367 2983 381 3014 1
413 2982 510 3022 quod
531 2980 654 3022 modo]
677 2982 860 3023 quomodo
881 2982 908 3015 A
1017 2983 1035 3015 2
1060 2984 1150 3024 post
1169 2983 1444 3024 propositiones
1465 2983 1607 3017 lacuna
1630 2985 1669 3017 in
1693 2985 1771 3018 cod.
1788 2994 1894 3026 argu·
1962 3016 1967 3020 .

221 3043 430 3074 mentantur
456 3041 591 3074 addidi
616 3041 823 3074 secundum
852 3051 1007 3075 sensum
1106 3043 1125 3074 3
1154 3040 1259 3081 Nam]
1287 3045 1324 3075 ut
1350 3043 1479 3076 Boeth.
1549 3043 1784 3084 contrarium]
1809 3053 1896 3077 con-

220 3100 415 3133 trariarum
442 3100 472 3133 A
621 3101 638 3133 4
668 3099 842 3142 qualitas]
877 3101 986 3142 quale
1017 3101 1046 3134 A
1100 3102 1134 3134 in
1169 3101 1313 3135 addidi.
1372 3102 1460 3135 Nam
1495 3103 1541 3135 sit
1573 3103 1643 3136 inic
1675 3105 1711 3136 et
1744 3104 1828 3144 ipsa
1859 3104 1893 3137 in

221 3159 359 3193 iustitia
383 3159 414 3192 Α
516 3161 554 3192 11
585 3159 796 3202 qualitates]
825 3161 920 3202 qual.
950 3161 980 3192 Α
1080 3161 1123 3194 33
1149 3162 1354 3194 consistere
1383 3162 1423 3194 Α.
