2200 3387
538 231 563 261 1.
595 229 658 261 ilie
687 229 843 261 (llossen
873 238 915 260 zu
946 228 1177 268 Porphyrius.
1207 247 1240 249 --κ
1280 228 1330 261 l)e
1359 230 1577 262 differentia.
1851 230 1895 263 53

223 325 380 361 diceret
402 326 548 370 aliquis
571 326 679 371 quod
706 326 739 361 si
769 326 875 362 istud
905 335 985 361 non
1012 327 1075 361 est
1097 325 1343 365 differentia.
1374 337 1453 362 non
1477 337 1598 363 omne
1621 328 1729 373 quod
1753 329 1895 364 dividit

223 401 273 426 ea
301 401 408 435 quae
436 392 511 426 sub
540 400 695 436 genere
724 393 829 429 sunt.
864 391 1110 429 differentia.
1140 391 1236 436 quia
1269 392 1427 428 scilicet
1457 393 1562 428 istud
1592 395 1655 428 est
1692 403 1814 429 unum
1844 394 1894 429 de

223 457 512 492 dividentibus.
567 456 612 493 Et
640 458 717 492 noc
739 459 803 492 est
830 457 1062 501 assignatio
1091 458 1432 502 consequentiae.
1461 468 1582 502 (iiiam
1614 459 1726 503 ponit
1754 460 1812 494 sic
1841 460 1895 495 di-

223 530 343 558 cens:
375 522 421 557 Id
441 525 516 558 etc.
563 522 644 557 Sed
669 524 811 557 Ιαηιιή
835 524 986 566 aptum
1012 524 1161 557 'mlum
1187 523 1245 557 ml
1273 523 1581 566 manswindam.
1636 524 1720 559 lloc
1743 534 1892 560 nomen

186 596 201 619 f»
223 588 458 632 navigabile
488 598 571 623 nou
608 589 665 623 es!
701 588 1002 632 eompletiewu
1033 588 1299 623 substantem·
1333 588 1522 625 nominis.
1553 589 1588 623 id
1616 592 1678 624 est
1706 591 1894 625 substan—

169 919 177 942 1
183 923 199 942 (j

168 1243 197 1267 ¹5

222 653 328 689 tialis
357 654 446 689 eius
475 652 738 689 definitionis,
792 653 908 693 Quod
939 653 1121 688 ostendit
1147 664 1172 688 a
1200 655 1285 688 toto
1315 653 1475 689 dicens:
1513 664 1584 688 ηνι·
1609 664 1715 698 par-s
1742 657 1797 689 vs!
1826 656 1894 690 ali-

221 729 302 764 qua
337 719 438 755 vius.
490 719 589 754 (lum
618 719 725 754 enim
756 718 942 754 definitio
971 718 1008 753 in
1039 728 1194 763 genere
1224 718 1403 763 incipiat.
1438 719 1476 754 in
1514 719 1749 755 differentia
1787 729 1894 755 com-

222 785 365 829 pletur.
407 783 524 820 Unde
541 786 758 828 utrumque
775 793 910 828 aeque
928 793 1024 828 pars
1048 785 1111 819 est
1133 784 1396 819 definitionis,
1439 785 1520 819 Sed
1546 785 1746 829 ‹tptz'tmlo
1768 795 1893 830 qeme-

220 849 334 888 dam,
363 848 399 883 id
429 851 493 884 est
521 848 728 893 significat
757 848 982 892 potentiam
1011 847 1323 884 accidentalem.
1353 850 1393 883 et
1424 848 1578 883 ideireo
1606 858 1684 884 non
1709 852 1773 884 est
1794 849 1894 884 lulis

222 913 469 951 differentia.
500 913 648 958 quales
673 915 772 948 sun!
799 913 1026 957 speemeae.
1075 913 1209 948 Erunt
1234 913 1376 956 iyitar.
1424 914 1767 958 Quandoquidem
1799 914 1892 950 illae

219 978 480 1015 differentiae
508 980 603 1015 sunt
625 978 862 1023 specificae,
890 988 998 1023 quae
1021 979 1258 1014 conducunt
1283 978 1465 1023 speciem
1489 978 1540 1014 ad
1563 988 1656 1014 esse
1680 982 1769 1018 etc..
1792 989 1892 1025 ergo

220 1044 312 1080 illae
335 1054 442 1088 quae
464 1044 619 1080 faciunt
641 1044 823 1089 speciem
845 1044 1029 1082 alteram.
1052 1043 1090 1079 id
1113 1045 1177 1079 est
1198 1053 1305 1088 quae
1328 1043 1483 1079 faciunt
1499 1053 1583 1079 rem
1607 1045 1761 1089 speciei
1784 1045 1891 1080 aliud

218 1110 269 1145 ab
298 1111 429 1146 altera
457 1110 609 1154 specie.
664 1109 709 1144 Et
731 1109 828 1154 quia
856 1110 932 1144 boc
960 1109 1086 1145 habet
1108 1109 1185 1144 hoc
1207 1109 1452 1145 vocabulum
1483 1110 1754 1149 rationalitas
1783 1111 1891 1155 quod

219 1176 296 1211 boc
325 1176 415 1211 loco
444 1175 680 1211 differentia
708 1184 790 1210 non
819 1174 977 1213 dicitur.
999 1174 1129 1210 addit:
1160 1177 1196 1210 (Ἰ
1224 1185 1516 1219 quam-umque
1544 1185 1633 1210 cum
1664 1175 1754 1213 isto.
1783 1176 1891 1221 quod

219 1241 314 1279 dixi.
343 1241 420 1276 boc
448 1241 602 1277 habent
629 1241 764 1278 etiam.
794 1240 902 1284 quod
934 1240 974 1275 ἱη
1005 1240 1132 1284 (letale
1161 1239 1464 1285 praedicantur.
1512 1240 1640 1276 illatio
1668 1241 1714 1276 fit
1740 1251 1764 1276 a
1793 1242 1892 1286 pari.

361 1306 498 1342 Solet
517 1306 691 1351 quaeri
719 1306 770 1341 de
793 1305 1052 1344 differentiis.
1075 1307 1208 1340 utrum
1231 1305 1465 1341 accidentia
1486 1306 1563 1341 dici
1586 1306 1757 1351 possint.
1811 1306 1890 1342 Sed

218 1381 307 1408 cum
338 1371 597 1408 differentias
625 1374 707 1407 tam
736 1381 816 1407 res
838 1380 961 1415 quam
984 1380 1152 1409 voceS.
1183 1373 1223 1406 ut
1246 1374 1391 1415 supra¹
1416 1371 1689 1411 meminimus.
1712 1373 1891 1416 appelle-

219 1447 319 1475 mus.
349 1438 460 1482 prius
489 1437 540 1473 de
569 1438 692 1473 rebus
720 1436 1048 1475 consideremus.
1084 1437 1233 1480 postea
1260 1436 1311 1471 de
1342 1436 1567 1471 vocabulis.
1620 1436 1717 1471 Rern
1753 1439 1890 1473 autem

218 1503 361 1547 ipsam.
390 1503 515 1538 veluti
551 1502 884 1539 rationalitatem.
924 1501 1088 1546 proprie
1123 1500 1401 1536 differentiam
1439 1501 1518 1536 dici
1557 1501 1813 1541 arbitramur.
1851 1504 1891 1538 et

163 1591 176 1595 -
217 1567 533 1603 substantialem
563 1567 653 1602 sive
680 1566 932 1612 specificam.
967 1576 1040 1611 pro
1069 1576 1119 1602 eo
1146 1566 1305 1601 scilicet
1332 1565 1441 1610 quod
1479 1565 1569 1610 ipsa
1597 1566 1888 1603 informatione

216 1642 292 1668 sua
319 1632 549 1668 subiectam
578 1632 805 1670 materiam.
840 1632 905 1667 cui
938 1632 1058 1670 inest.
1095 1632 1147 1667 ab
1175 1640 1226 1666 eo
1254 1633 1434 1676 separet.
1472 1631 1535 1666 cui
1574 1640 1654 1666 non
1694 1631 1812 1673 inest,
1850 1634 1891 1668 et

217 1707 307 1733 eam
338 1698 376 1733 in
405 1697 682 1734 substantiam
709 1697 867 1742 speciei
895 1706 1148 1742 promovens
1176 1696 1400 1741 specificet.
1429 1696 1467 1731 id
1505 1698 1569 1732 est
1608 1705 1694 1732 rem
1732 1697 1889 1742 speciei

215 1763 350 1801 faciat.
367 1763 492 1799 veluti
514 1763 708 1807 perhanc
730 1763 1051 1798 rationalitatem
1069 1762 1146 1797 hoc
1162 1771 1313 1806 corpus
1334 1761 1487 1797 factum
1510 1763 1573 1797 est
1595 1761 1745 1797 animal
1768 1763 1891 1798 ratio-

217 1829 320 1864 nale.
374 1829 472 1864 Cum
501 1830 639 1864 autem
669 1837 834 1864 omnem
863 1837 949 1863 rem
975 1827 1244 1863 Boethius2
1271 1826 1382 1863 dicat
1402 1827 1674 1862 substantiam
1698 1827 1764 1862 vel
1786 1828 1890 1864 acci-

161 1899 194 1923 ·25·
217 1893 319 1928 dens
342 1894 466 1937 atque
489 1902 639 1929 novem
662 1892 1002 1937 praedicamenta
1017 1891 1124 1927 inter
1135 1891 1370 1927 accidentia
1390 1892 1673 1929 connumeret.
1703 1891 1888 1936 profecto

159 2224 194 2249 30

160 2550 193 2573 35

216 1957 548 1994 rationalitatem.
571 1966 662 1992 cum
683 1956 736 1992 sit
757 1956 947 2001 qualitas,
968 1957 1008 1991 et
1029 1955 1255 2000 quamlibet
1274 1954 1552 1990 differentiam
1574 1954 1770 1990 accidens
1793 1965 1888 1991 esse

215 2024 388 2067 oportet.
419 2022 470 2058 At
485 2031 585 2057 vero
609 2022 912 2067 Porphyrius
935 2021 1132 2057 accidens
1149 2029 1246 2056 esse
1263 2020 1523 2059 determinat,
1546 2020 1654 2064 quod
1678 2022 1719 2056 et
1739 2021 1888 2056 adesse

215 2089 255 2123 et
276 2088 427 2123 abesse
449 2089 586 2132 potest
608 2087 776 2132 praeter
797 2086 973 2122 subiecti
993 2086 1334 2130 corruptionen11‘.
1370 2084 1642 2120 Rationalitas
1665 2094 1766 2120 vero
1783 2086 1889 2121 sicut

215 2152 445 2188 adveniens
471 2152 785 2198 generationem
814 2152 912 2188 facit
940 2161 1076 2187 novae
1105 2150 1366 2187 substantiae
1395 2152 1435 2186 ct
1456 2150 1766 2195 corruptionem
1788 2151 1890 2202 anti-

215 2227 333 2262 quae.
362 2218 418 2253 ita
445 2218 649 2254 recedens
677 2217 986 2262 corruptionem
1015 2216 1113 2252 facit
1141 2216 1231 2252 eius
1259 2225 1355 2252 esse
1378 2215 1487 2260 quod
1510 2215 1622 2261 prius
1645 2216 1888 2252 contulerat.

357 2282 438 2318 Sed
460 2282 647 2327 profecto
669 2282 883 2318 sciendum
906 2284 981 2323 est,
1003 2281 1111 2327 quod
1140 2281 1336 2317 accidens
1363 2281 1403 2316 in
1432 2281 1722 2326 designatione
1751 2290 1886 2317 rerum

214 2348 318 2383 duas
346 2348 471 2383 babet
498 2347 779 2392 acceptiones,
814 2357 937 2383 unam
967 2347 1201 2392 largiorem.
1235 2347 1407 2382 alteram
1436 2345 1696 2381 strictiorem.
1750 2345 1887 2381 Modo

215 2412 324 2448 enim
352 2422 425 2457 pro
448 2413 558 2448 omni
586 2412 719 2448 forma
744 2412 956 2457 accipitur,
984 2421 1077 2448 cum
1099 2411 1264 2448 dicitur:
1292 2411 1485 2456 quiequid
1508 2412 1582 2450 est.
1610 2411 1676 2446 vel
1705 2413 1767 2446 est
1795 2411 1888 2446 sub-

214 2477 368 2513 stantia
395 2478 459 2513 vel
488 2477 696 2517 accidens,
725 2478 763 2513 id
792 2481 856 2513 est
883 2477 1027 2518 forma,
1056 2477 1200 2513 modo
1229 2486 1302 2522 pro
1330 2476 1408 2512 illis
1430 2477 1586 2512 tantum
1617 2476 1758 2511 formis
1779 2486 1886 2520 quae

215 2543 252 2578 in
301 2542 577 2579 substantiam
623 2542 778 2587 speciei
824 2552 904 2578 non
946 2544 1203 2587 promovent.
1250 2551 1330 2577 non
1372 2541 1691 2585 corruptionem.
1739 2541 1776 2576 id
1823 2543 1887 2576 est

214 2617 430 2652 egressum
465 2618 490 2643 a
517 2608 760 2646 substantia.
798 2607 964 2647 faciunt.
999 2607 1115 2643 iuxta
1149 2607 1256 2643 illam
1295 2606 1523 2642 accidentis
1563 2605 1884 2650 descriptionem

214 2682 335 2717 quam
367 2672 670 2717 Porphyrius
699 2673 823 2718 ponit.
875 2672 974 2708 Cum
1009 2674 1147 2708 autem
1182 2673 1296 2717 large
1332 2671 1527 2707 accidens
1563 2670 1774 2715 accipitur.
1812 2680 1884 2715 pro

213 2737 371 2777 ⁴‘omniy
405 2738 539 2773 forma
565 2737 733 2776 scilicet.
762 2747 904 2774 verum
939 2739 1004 2773 est
1031 2747 1194 2773 omnem
1230 2736 1506 2772 differentiam
1546 2735 1741 2771 accidens
1779 2744 1885 2774 esse.

357 2837 375 2867 13
404 2835 474 2874 estl
497 2837 531 2867 et
553 2836 578 2868 A
676 2836 734 2867 6-7
757 2836 901 2875 aliquas
927 2836 952 2866 ,1
1055 2838 1074 2867 9
1097 2835 1278 2875 quaedam
1303 2834 1416 2865 noem
1452 2833 1560 2865 etiam
1584 2833 1611 2864 A
1711 2834 1749 2864 12
1774 2831 1884 2872 quael

215 2904 366 2935 quarum
393 2896 419 2926 ,1
499 2897 538 2927 14
558 2895 653 2935 quod
671 2896 704 2927 in
722 2895 831 2935 quale
847 2896 867 2926 2
939 2891 977 2927 ἰιι
1001 2895 1028 2926 A
1109 2896 1148 2926 19
1166 2894 1192 2926 A
1212 2895 1248 2926 [η
1267 2902 1387 2932 ηιιιιζυ.
1401 2902 1411 2924 .·
1431 2893 1589 2924 Tractat.
1606 2892 1650 2924 de
1666 2892 1884 2924 differentiis

214 2955 257 2987 20
279 2955 395 2995 ipsam
424 2954 451 2986 A
595 2955 637 2986 23
666 2955 757 2986 baec
785 2955 1013 2986 rationalitas
1042 2963 1108 2994 per
1135 2954 1202 2985 noc
1231 2953 1254 2984 .·l
1371 2953 1409 2983 :31
1443 2952 1468 2983 A
1501 2952 1538 2983 iu
1569 2959 1711 2991 marry:
1737 2951 1788 2983 De
1817 2951 1884 2983 boc

213 3014 359 3046 nomine
388 3014 568 3045 Accidens
596 3014 692 3053 quod
721 3013 762 3045 111
790 3013 907 3045 modis
934 3012 1013 3053 sup.

356 3077 364 3099 ¹
396 3078 446 3109 Gr.
481 3086 601 3117 snpra
632 3087 664 3117 p.
700 3078 742 3108 70
757 3076 864 3117 ²5qq.
963 3077 977 3098 ²
1005 3077 1165 3113 Boetb„
1201 3076 1221 3108 I.
1250 3086 1289 3111 c..
1328 3084 1359 3115 p.
1386 3074 1478 3111 17¹³.
1516 3074 1632 3112 14615.
1667 3074 1786 3106 31711.
1840 3075 1881 3106 Iu

213 3138 291 3169 Cat.
319 3137 432 3169 Arist.
462 3136 515 3169 PL
544 3137 598 3172 64.
630 3137 749 3168 192Α.
867 3136 881 3156 ³
908 3136 1067 3171 Boeth..
1097 3135 1138 3167 1η
1170 3135 1305 3175 ΡοιῬΙι,
1335 3134 1390 3165 ed.
1419 3134 1444 3165 11
1474 3133 1495 3165 Ι.
1524 3144 1564 3171 c..
1593 3143 1625 3173 p.
1655 3133 1776 3197 280·st

1681 3182 1700 3212 6
