2200 3387
203 735 224 767 f.
253 735 321 766 312·

351 243 418 278 22ss
751 245 857 278 Peter
883 245 1086 279 Abaelards
1114 245 1248 287 Logica
1276 245 1598 285 ,ingredientibusn

350 346 556 387 tamquam
585 352 658 387 per
685 342 848 388 species
875 342 1136 379 subalternas
1163 343 1255 379 fieri
1281 345 1322 379 et
1343 352 1486 379 rursus
1507 343 1598 380 loco
1621 343 1853 389 specierum
1876 344 2014 390 singu-

350 407 477 443 larum
506 407 602 452 poni
630 407 732 443 duas
762 416 903 443 earum
931 408 1146 452 proximas
1173 407 1349 452 species.

490 471 572 508 Sed
600 473 662 508 his
691 472 823 508 modis
862 473 1054 508 omnibus
1093 473 1196 508 ratio
1234 476 1447 519 repugnat.
1500 472 1541 508 Si
1577 473 1684 508 enim
1720 473 1824 509 hacc
1862 473 2011 510 divisio

349 537 554 582 qualitatis
583 538 621 573 in
653 537 819 582 species
855 537 910 573 fit.
948 540 1112 582 oportet
1152 547 1225 573 eas
1267 547 1364 574 csse
1404 538 1632 583 oppositas.
1683 537 1772 574 Non
1813 538 1934 578 enim.
1971 540 2015 574 ut

349 603 437 647 ipse
466 602 702 638 Boethius
730 602 769 638 in
798 602 1165 638 Divisionibus¹
1196 603 1329 640 docet,
1349 603 1455 638 aliae
1478 603 1641 647 species
1663 603 1729 639 vel
1751 602 2012 640 differentiae
2033 613 2050 636 5
2096 606 2098 608 “

350 667 388 702 in
422 667 625 703 divisione
659 668 826 713 generis
864 667 1084 712 ponendae
1122 670 1217 703 sunt
1253 667 1330 703 nisi
1371 668 1601 713 oppositae.
1654 669 1704 703 At
1740 677 1842 704 vero
1882 668 2014 713 prima

349 732 512 776 species
541 733 748 777 qualitatis
801 736 841 768 et
868 732 989 768 tertia
1017 732 1233 776 oppositae
1255 742 1336 768 non
1360 735 1466 768 suut.
1517 731 1698 769 Eaedem
1719 742 1897 778 namque
1917 742 2015 778 qua-

348 797 485 833 litates
501 802 540 833 et
562 797 718 842 primae
740 797 897 842 speciei
918 800 1023 832 sunt.
1046 797 1143 842 quia
1164 807 1238 842 per
1254 798 1571 843 applicationem
1594 797 1777 834 veniunt.
1799 799 1840 834 et
1854 798 2013 836 tertiae,

349 861 577 897 secundum
605 862 681 896 hoc
710 862 817 906 quod
847 860 1026 896 inferunt
1053 861 1118 896 vel
1147 861 1387 897 inferuntur.
1425 864 1467 897 ut
1500 861 1623 897 calor.
1660 862 1710 897 ad
1750 870 1871 906 quem
1908 862 2015 898 cale-

348 926 538 961 faciendo
568 935 642 961 nos
669 926 933 970 applicamus,
962 936 1014 962 ex
1043 936 1123 971 quo
1152 926 1278 962 rubor
1305 926 1487 962 infertur.
1540 926 1622 963 Sed
1658 936 1735 962 nec
1771 927 1935 963 habitus
1973 929 2014 963 et
2035 935 2068 960 10

348 990 541 1034 dipositio
569 990 733 1034 species
761 999 858 1025 esse
886 994 1071 1034 possunt.
1100 990 1205 1034 quia.
1234 994 1276 1025 ut
1297 990 1393 1026 dicit
1419 990 1702 1027 Boethius2,
1730 999 1781 1026 ea
1803 999 1909 1035 quae
1937 992 2013 1027 sub

349 1055 487 1090 habitu
515 1059 555 1090 et
583 1054 856 1100 dispositione
875 1055 1147 1092 continentur.
1177 1055 1405 1091 secundum
1433 1055 1510 1091 hoc
1532 1055 1641 1100 quod
1666 1055 1830 1092 habitus
1857 1057 2014 1092 suntet

349 1118 575 1163 dispositio.
608 1122 786 1163 meque>
813 1127 969 1163 genere
996 1118 1192 1154 differunt
1226 1128 1363 1163 neque
1400 1119 1540 1164 specie
1568 1127 1645 1155 nec
1681 1119 1804 1155 etiam
1839 1128 2012 1155 numero

348 1183 607 1228 quandoque.
638 1184 711 1219 sed
741 1183 986 1219 alteratione
1020 1186 1176 1219 tantum
1212 1184 1528 1228 permutationis
1566 1193 1590 1220 a
1625 1193 1670 1220 se
1708 1184 1808 1229 ipsis
1844 1184 2014 1220 diversi-

348 1249 534 1284 ficantur.
557 1248 902 1293 quemadmodum
919 1247 1126 1284 Socrates.
1143 1249 1237 1284 dum
1255 1251 1369 1284 esset
1388 1249 1597 1293 parvulus.
1619 1251 1713 1294 post
1739 1258 1840 1285 vero
1868 1249 2014 1294 pubes·
2036 1260 2067 1284 15

348 1323 448 1350 cens
485 1324 508 1349 a
546 1322 590 1349 se
628 1314 717 1358 ipso
755 1314 945 1349 distabat.
998 1314 1151 1350 Eadem
1190 1323 1368 1359 namque
1397 1314 1574 1358 qualitas
1603 1323 1710 1359 quae
1737 1314 1851 1358 prius
1878 1314 2014 1360 dispo-

349 1379 441 1414 sitio
469 1379 541 1414 fuit
569 1383 609 1414 et
636 1379 757 1415 facile
785 1379 956 1415 mobilis.
985 1382 1133 1424 postea
1161 1379 1220 1414 sic
1246 1378 1443 1414 firmatur.
1471 1382 1513 1414 ut
1539 1379 1580 1414 in
1607 1379 1788 1415 habitum
1817 1382 2013 1416 transeat.

349 1444 453 1480 sicut
492 1444 581 1489 ipse
621 1444 928 1480 Aristoteles
969 1445 1102 1480 docet.
1154 1444 1335 1480 Dicimus
1376 1444 1515 1488 itaque
1560 1444 1744 1480 habitum
1793 1446 1834 1479 et
1879 1443 2014 1489 (Περο-

348 1509 540 1545 sitionem
568 1519 650 1545 non
685 1509 884 1554 specialia
918 1509 1086 1544 nomina
1123 1518 1231 1544 esse.
1269 1509 1343 1544 sed
1381 1511 1543 1553 sumpta
1579 1518 1603 1544 a
1641 1509 1887 1553 quibusdam
1921 1518 2014 1554 pro-

347 1574 588 1619 prietatibus
615 1573 952 1610 accidentalibus.
981 1574 1089 1618 quod
1117 1574 1291 1609 alterum
1316 1573 1449 1610 facile.
1477 1574 1652 1609 alterum
1672 1582 1756 1609 non
1775 1572 1897 1609 facile
1915 1582 2009 1618 pro·
2028 1583 2063 1608 20

347 1639 507 1675 moveri
527 1639 671 1684 possit.
722 1638 833 1674 Idem
850 1639 900 1674 de
922 1639 1108 1683 passibili
1130 1639 1327 1683 qualitate
1350 1640 1390 1674 et
1411 1638 1608 1683 passione
1631 1638 1814 1674 dicimus,
1860 1637 2012 1674 Venire

348 1704 470 1740 etiam
500 1713 574 1748 per
600 1703 918 1749 applicationem
955 1704 1143 1739 subiecti.
1180 1703 1407 1739 secundum
1435 1712 1557 1748 quam
1585 1703 1756 1748 primam
1785 1702 2012 1739 maneriam

347 1769 645 1814 distinguimus.
673 1769 739 1804 vel
766 1768 918 1804 inferre
945 1768 1010 1804 vel
1032 1768 1184 1804 inferri.
1207 1769 1432 1804 secundum
1457 1777 1578 1813 quam
1600 1767 1827 1804 maneriam
1849 1767 2012 1804 tertiam

348 1834 583 1879 accipimus.
622 1834 903 1870 accidentales
943 1834 1221 1878 proprietates
1263 1837 1368 1869 sunt.
1420 1834 1471 1869 At
1506 1833 1686 1869 fortasse
1724 1833 1911 1878 potentia
1945 1833 2013 1869 vel

348 1897 589 1942 impotentia
610 1898 675 1933 vel
701 1897 833 1933 forma
854 1897 920 1933 vel
947 1897 1081 1943 figura
1109 1897 1275 1942 species
1302 1899 1415 1933 recte
1444 1897 1524 1933 dici
1549 1898 1756 1942 poterunt,
1783 1896 2011 1933 secundum
2031 1905 2067 1930 25

348 1963 456 2007 quod
493 1962 730 2007 irregularis
768 1962 844 1998 erit
881 1962 1029 1998 divisio
1066 1962 1286 2007 qualitatis.
1322 1962 1469 2007 partim
1506 1962 1670 2007 quidem
1706 1971 1781 2006 per
1816 1962 2011 2007 speciem,

348 2026 495 2071 partim
523 2036 597 2072 per
623 2027 866 2063 accidentia.
895 2030 934 2062 et
958 2027 1090 2072 magis
1111 2027 1400 2063 annumeratio
1423 2036 1547 2071 quam
1568 2027 1716 2062 divisio
1739 2026 1917 2063 dicenda
1936 2029 2011 2063 est.

348 2091 531 2127 Diversis
559 2101 737 2137 namque
764 2092 908 2128 modis.
938 2095 979 2128 ut
1007 2091 1158 2127 dictum
1186 2095 1260 2127 est.
1296 2091 1444 2127 eadem
1473 2092 1649 2136 qualitas
1677 2094 1719 2128 et
1744 2091 1902 2136 primae
1929 2101 2012 2128 ma-

347 2157 490 2193 neriae
518 2160 580 2193 est
611 2161 694 2198 “etp
721 2157 880 2193 tertiae.
932 2156 1033 2193 Cum
1070 2159 1208 2192 autem
1245 2157 1550 2192 Aristoteles
1585 2156 1664 2193 hoc
1699 2157 1791 2192 loco
1828 2156 2012 2202 speciem

348 2223 414 2258 vel
448 2231 579 2268 genus
616 2222 812 2258 nominat.
850 2222 905 2257 nil
939 2221 1050 2257 aliud
1086 2221 1167 2257 nisi
1202 2221 1432 2257 maneriam
1469 2221 1668 2266 intelligit.
1721 2220 1839 2262 Quod
1871 2223 2010 2258 autem
2030 2230 2065 2256 30

348 2287 590 2323 Boethius
626 2286 692 2322 ait.
730 2296 821 2322 cum
858 2286 1166 2322 Aristoteles
1202 2288 1352 2322 tractet
1389 2295 1480 2322 eam
1518 2286 1701 2331 speciem
1737 2295 1845 2331 quae
1880 2289 2012 2328 <non>

348 2352 477 2387 solum
507 2355 571 2388 est
597 2352 773 2396 species.
802 2360 945 2387 verum
973 2351 1097 2387 etiam
1130 2360 1275 2396 genus.
1309 2351 1366 2386 nil
1402 2351 1627 2387 absurdum
1654 2360 1750 2387 esse
1787 2351 1935 2387 eadem
1971 2353 2012 2387 et

348 2417 478 2461 gen'us
519 2420 558 2452 et
595 2416 776 2461 speciem
805 2416 1019 2451 nominari.
1060 2416 1288 2451 secundum
1326 2416 1563 2460 opinionem
1605 2415 1797 2452 fortassis
1837 2415 2011 2452 aliorum

347 2481 495 2525 posuit.
538 2484 580 2516 ut
616 2481 763 2517 saltem
798 2481 856 2516 sic
903 2480 1167 2516 satisfaceret
1204 2481 1444 2525 opponenti.
1497 2481 1589 2526 Ipse
1625 2481 1734 2517 enim
1769 2480 2011 2517 Boethius

349 2555 473 2591 super
509 2546 671 2581 tertium
712 2546 922 2590 qualitatis
962 2555 1094 2591 genus
1108 2548 1134 2581 3.
1172 2555 1262 2582 cum
1300 2546 1543 2582 ostenderet
1579 2546 1750 2582 easdem
1787 2546 2064 2591 qualitates-35

348 2609 514 2645 diversa
539 2609 699 2645 ratione
728 2606 925 2654 et'primo
961 2609 1105 2654 generi
1142 2612 1182 2645 et
1217 2609 1339 2645 tertio
1379 2609 1568 2654 supponi.
1609 2609 1916 2646 similitudinem
1953 2609 2011 2645 in—

348 2674 463 2709 duxit
490 2673 541 2710 de
569 2674 751 2709 Socrate.
779 2674 848 2718 qui
875 2674 914 2710 in
943 2683 993 2709 eo
1022 2674 1130 2718 quod
1159 2677 1277 2719 pater
1304 2677 1378 2709 est.
1406 2674 1458 2710 ad
1485 2674 1637 2719 aliquid
1665 2676 1741 2710 est.
1768 2674 1808 2710 in
1830 2683 1881 2710 eo
1900 2674 2010 2719 quod

348 2739 470 2774 homo
499 2742 572 2774 est.
600 2739 830 2774 substantia
858 2739 1015 2774 dicitur.
1043 2739 1082 2774 in
1111 2748 1191 2783 quo
1220 2738 1386 2783 quidem
1413 2739 1536 2783 plane
1563 2742 1765 2775 monstrat
1784 2748 1916 2785 genus
1934 2748 2011 2784 per

493 2872 534 2903 10
561 2872 651 2903 rubo
679 2872 707 2904 A
844 2872 884 2903 13
912 2880 1032 2911 neque
1061 2868 1198 2903 addidi
1223 2880 1265 2903 er
1292 2872 1418 2904 Boellz.
1554 2870 1598 2903 28
1626 2870 1778 2912 primae]
1805 2872 1954 2912 proprie
1978 2872 2007 2904 A

349 2930 390 2962 32
419 2928 558 2968 verum]
587 2933 632 2961 un
660 2930 689 2962 A
790 2933 832 2961 :53
860 2927 1076 2968 secundum]
1103 2930 1168 2961 sed
1198 2931 1224 2960 A

489 3000 499 3020 ¹
529 3000 686 3032 Boeth..
715 3000 822 3031 Liber
849 2999 893 3031 [Ie
920 3000 1026 3031 (liris.
1055 2999 1111 3031 PL
1138 2999 1192 3032 64.
1222 3000 1282 3032 881
1305 3000 1343 3032 D.

487 3060 501 3079 ”-’
529 3059 690 3092 Boeth..
721 3059 762 3091 In
792 3060 915 3098 Caleq.
945 3059 967 3091 I.
995 3067 1034 3093 e..
1064 3068 1096 3098 p.
1127 3058 1246 3090 2410.

488 3119 503 3137 ³¹³
529 3118 676 3150 Boeth.
706 3118 727 3150 l.
756 3127 794 3153 c..
824 3128 857 3159 p.
885 3118 1007 3150 250A.
