2200 3387
416 237 447 267 2.
476 235 540 267 Die
568 235 724 267 (llossen
753 244 796 266 zu
824 235 893 266 deu
924 234 1157 274 Kategorieu.
1186 249 1228 254 -
1260 234 1310 265 l)e
1340 235 1436 274 quali
1466 237 1500 265 et
1529 234 1715 274 qualitate.
1828 232 1888 266 2:31

219 331 284 367 vcl
313 332 543 378 pugillator.
572 332 636 368 vel
666 331 861 377 patiendi.
896 334 937 367 ut
964 331 1165 369 salubres,
1194 330 1477 375 impotentiam
1508 341 1588 366 non
1624 331 1819 376 patiendi,
1854 334 1896 366 ut

219 396 466 433 insalubres,
520 398 637 438 Quod
667 397 805 433 statim
834 396 1033 432 discernit
1060 395 1179 431 litera
1207 402 1408 439 sequens:
1447 396 1474 431 Λ
1513 397 1780 441 quibuslibet,
1818 397 1895 432 hoc

219 463 294 501 est.
323 464 365 498 ut
393 472 473 498 non
503 472 556 498 ex
583 461 800 500 accidenti.
830 462 866 497 id
897 463 961 497 est
988 460 1068 496 levi
1097 470 1208 499 casu.
1236 463 1468 504 aegrotent.
1520 461 1731 496 Similitvr
1751 464 1891 497 autem

218 527 296 567 leis.
324 527 361 563 id
391 529 456 563 est
482 528 533 563 ad
563 527 871 563 similitudinem
900 526 1148 570 aegrotativi
1179 528 1219 561 et
1247 526 1425 561 sanativi
1455 528 1495 561 ct
1525 526 1645 561 molle
1681 530 1721 561 et
1749 527 1893 562 (lurum

181 597 196 621 ⁵
219 591 410 628 dicuntur
436 592 642 638 impotens
670 595 710 628 et
738 595 898 637 potens.
928 601 1008 627 non
1037 591 1203 636 quidem
1233 591 1461 627 secundum
1491 592 1630 627 facere
1659 592 1792 629 facile,
1821 592 1893 627 sed

217 657 446 694 secundum
476 668 556 694 non
587 658 671 703 pati
699 658 832 694 facile.

360 722 645 763 Quaeritur.
674 723 741 768 qui
770 723 822 758 sit
849 724 968 758 actus
997 722 1116 758 liuius
1141 721 1366 767 potentiae,
1395 731 1503 766 quae
1527 722 1625 758 facit
1648 722 1894 757 sanativum.

216 787 304 824 Non
334 788 442 824 enim
471 798 618 824 sanum
647 797 742 825 esse
771 797 845 833 pro
874 790 966 823 actu
998 787 1104 823 illius
1134 789 1272 832 potest
1300 787 1444 832 accipi,
1473 787 1625 832 quippe
1655 797 1737 823 non
1761 787 1894 823 omnis

216 863 345 890 sanus
374 856 488 890 esset
515 854 744 894 sanativus,
779 853 875 898 quia
903 853 1038 890 omnis
1065 855 1183 889 actus
1212 853 1424 898 potentiae
1454 862 1556 888 suae
1596 862 1765 897 prorsus
1803 853 1896 888 sub-

164 923 196 949 10
218 919 346 959 icitur,
375 922 417 955 ut
444 919 578 955 omnis
607 920 746 955 ridens
776 919 942 955 risibilis
971 921 1036 955 est
1063 921 1104 954 ct
1132 918 1267 954 omnis
1295 928 1468 954 currens
1496 918 1617 954 facile
1646 920 1710 954 est
1737 928 1894 957 cursor.

217 986 258 1021 et
284 985 344 1021 sic
372 985 506 1021 omnis
534 994 663 1021 sanus
691 985 907 1021 sanativus
936 984 1108 1023 dicetur.
1138 983 1248 1029 quod
1283 984 1432 1019 falsum
1461 986 1536 1020 est.
1590 984 1687 1020 Sani
1716 993 1895 1029 namque

216 1050 283 1086 alii
310 1050 501 1091 sanativi.
529 1050 597 1086 alii
625 1060 720 1089 non.
749 1052 790 1086 et
817 1060 839 1086 e
868 1059 1088 1086 converso.
1141 1049 1239 1085 Sani
1275 1049 1385 1085 enim
1413 1051 1509 1085 sunt
1536 1049 1604 1094 qui
1633 1058 1895 1094 quocumque

216 1115 340 1152 modo
367 1116 587 1152 sanitatem
610 1116 776 1154 liabent.
801 1115 980 1152 sanativi
1003 1118 1139 1151 autem
1163 1117 1259 1151 sunt
1281 1115 1348 1160 qui
1371 1125 1452 1150 non
1475 1115 1595 1150 facile
1624 1114 1894 1151 infirmantur.

216 1181 427 1227 Contingit
462 1183 600 1217 autem
639 1181 856 1218 sanativos
885 1181 1137 1227 quandoque
1179 1182 1402 1226 aegrotare
1441 1180 1589 1226 grandi
1629 1180 1895 1216 incumbente

163 1251 195 1277 1⁵
216 1255 346 1282 causa
373 1247 415 1282 et
441 1246 727 1292 aegrotativos
756 1255 884 1282 sanos
914 1246 1023 1282 effici
1051 1255 1125 1291 per
1152 1245 1377 1281 adhibitam
1407 1254 1590 1281 causam.
1642 1244 1731 1281 Non
1755 1244 1895 1289 itaque

217 1311 351 1348 omnis
379 1320 508 1348 sanus
537 1312 766 1349 sanativus.
795 1313 836 1348 et
862 1311 919 1347 ita
946 1320 1103 1353 ‚sanum
1134 1316 1241 1347 esse·
1277 1320 1359 1346 non
1388 1312 1526 1355 potest
1562 1310 1659 1355 poni
1687 1312 1893 1354 tamquam

217 1378 336 1414 actus
364 1377 579 1422 potentiae
608 1387 632 1413 a
659 1386 741 1422 qua
768 1377 983 1413 sanativus
1012 1376 1170 1417 dicitur,
1198 1376 1322 1412 immo
1351 1376 1483 1421 magis
1511 1376 1615 1411 haec
1637 1375 1823 1420 potentia
1845 1375 1895 1412 de

218 1441 444 1487 negatione
466 1442 623 1487 pendet
645 1451 767 1487 quam
791 1441 841 1477 de
863 1441 1143 1477 affirmatione
1160 1442 1201 1476 et
1216 1440 1349 1486 magis
1371 1440 1423 1476 ad
1445 1449 1526 1475 non
1549 1443 1694 1481 (csse)
1717 1439 1897 1485 pertinet

218 1516 342 1552 quam
370 1507 422 1543 ad
451 1516 559 1543 esse.
612 1507 773 1552 Quippe
801 1506 1019 1543 sanativus
1048 1506 1205 1545 dicitur.
1234 1505 1344 1550 quod
1379 1515 1462 1541 non
1495 1505 1615 1541 facilc
1653 1504 1894 1541 infirmetur.

165 1577 202 1603 20
222 1572 342 1609 Unde
370 1582 452 1609 non
481 1574 546 1609 est
572 1581 752 1608 necesse
781 1572 821 1608 in
849 1571 1082 1608 huiusmodi
1110 1571 1306 1616 potentiis
1335 1571 1385 1607 de
1413 1580 1495 1606 non
1525 1579 1619 1606 esse
1653 1570 1692 1606 id
1726 1570 1776 1606 de
1814 1580 1895 1615 quo

217 1638 405 1684 potentia
431 1639 507 1676 est,
535 1637 714 1683 supponi
742 1637 1036 1674 universaliter
1063 1637 1141 1682 ipsi
1168 1637 1392 1682 potentiae.
1445 1635 1486 1672 Si
1509 1636 1616 1672 enim
1640 1645 1763 1672 omne
1785 1635 1895 1680 quod

217 1713 299 1740 non
327 1703 449 1740 facile
477 1703 719 1745 infirmatur,
756 1702 992 1739 sanatIvum
1021 1705 1146 1742 esset,
1184 1702 1325 1747 utique
1354 1703 1395 1738 et
1422 1701 1526 1746 lapis
1555 1702 1595 1736 et
1622 1701 1713 1746 ipsa
1741 1700 1893 1737 sanati-

217 1768 326 1805 vitas
353 1768 547 1805 sanativa
567 1769 693 1804 esset.
747 1767 841 1804 Sed
867 1766 1092 1814 tortasse
1120 1768 1410 1812 quaeretur,
1434 1776 1562 1811 quare
1585 1768 1625 1802 et
1647 1766 1751 1811 lapis
1773 1775 1893 1802 sana-

217 1834 326 1870 tivus
355 1843 437 1870 non
466 1834 637 1871 dicatur,
674 1833 739 1869 cui
772 1834 860 1869 tota
887 1832 1066 1869 sanativi
1095 1832 1319 1877 descriptio
1348 1832 1511 1868 videtur
1537 1831 1681 1876 aptari.
1719 1841 1809 1867 cum
1837 1831 1893 1867 vi-

163 1906 197 1932 25
219 1897 370 1934 delicet
396 1899 546 1943 potens
575 1897 627 1934 sit
653 1907 736 1933 non
764 1897 884 1933 facile
919 1896 1130 1933 infirmari.
1183 1896 1265 1932 Sed
1302 1896 1489 1942 profecto
1527 1895 1774 1932 sanativitas
1810 1905 1891 1931 non

217 1962 366 1999 dicitur
392 1963 471 1999 nisi
499 1963 686 2008 potentia
713 1963 915 2001 animalis.
951 1962 1179 1999 secundum
1208 1971 1329 2007 quam
1359 1971 1442 1997 non
1470 1961 1591 1997 facile
1619 1962 1759 2006 potest
1785 1961 1893 1996 infir-

217 2029 331 2069 mari,
358 2038 436 2065 nec
463 2029 699 2065 sanativum
727 2028 884 2069 dicitur,
913 2028 992 2064 nisi
1019 2028 1129 2073 quod
1166 2027 1394 2073 potentiam
1432 2027 1622 2063 animalis
1658 2026 1893 2062 huiusmodi

217 2093 352 2132 habet.
381 2096 533 2130 utnon
561 2093 682 2130 facile
710 2094 952 2130 infirmetur.
1005 2093 1119 2130 Sicut
1155 2094 1294 2129 autem
1332 2102 1479 2128 sanum
1514 2095 1555 2128 et
1591 2101 1761 2137 aegrum
1799 2102 1893 2128 con-

217 2158 344 2194 traria
371 2160 476 2197 sunt.
504 2158 563 2194 ita
589 2158 823 2194 sanativum
852 2160 893 2194 ct
920 2158 1225 2203 aegrotativum
1254 2159 1294 2193 et
1322 2157 1466 2193 durum
1490 2158 1531 2192 et
1551 2157 1674 2192 molle
1697 2158 1737 2192 et
1760 2156 1894 2192 omnis

162 2232 199 2258 30
219 2223 416 2269 potentia.
449 2224 538 2260 sive
566 2223 619 2260 sit
644 2225 819 2260 naturae
847 2223 935 2260 sive
973 2223 1226 2269 aptitudinis,
1265 2222 1510 2259 naturaliter
1546 2222 1701 2258 habere
1730 2222 1896 2258 videtur

218 2288 470 2325 contrariam
499 2288 796 2334 impotentiam,
830 2289 926 2325 licet
960 2289 999 2324 in
1034 2288 1279 2334 quibusdam
1318 2288 1486 2324 nomina
1523 2287 1730 2324 deficiant.
1773 2289 1814 2323 ut
1854 2287 1893 2322 in

218 2354 428 2390 contrario
457 2353 618 2399 bipedis
647 2356 689 2390 et
715 2354 908 2391 cursoris.

367 2419 552 2455 Tertium
582 2429 677 2455 vero
703 2423 876 2463 (lenusl.
929 2419 1043 2456 Haec
1071 2419 1194 2456 tertia
1223 2419 1409 2455 maneria
1436 2419 1527 2454 illas
1556 2418 1742 2454 continet
1769 2418 1896 2463 quali-

219 2486 328 2520 tates
355 2488 512 2529 <quae>
540 2485 604 2520 vel
633 2485 684 2520 ab
718 2484 809 2521 aliis
843 2485 1076 2521 inferuntur
1110 2486 1173 2521 vel
1211 2485 1332 2520 simul
1369 2485 1411 2521 et
1447 2484 1677 2520 inferentes
1718 2486 1813 2519 sunt
1854 2486 1894 2519 ct

165 2558 199 2583 ³5
220 2550 370 2586 illatae.
422 2549 574 2586 Harum
602 2552 739 2586 autem
768 2550 862 2586 illae
890 2550 1165 2595 passibiles
1195 2550 1418 2595 qualitates
1454 2550 1647 2586 dicuntur
1680 2559 1787 2595 quae
1825 2549 1892 2585 diu

221 2617 477 2660 permanent.
519 2615 786 2660 passiones
823 2625 924 2652 vero
962 2626 1070 2661 quae
1107 2626 1187 2652 non
1226 2616 1292 2652 diu
1331 2618 1588 2661 permanent.
1646 2615 1716 2651 Est
1756 2618 1893 2650 autem

220 2680 430 2728 passibilis
458 2680 634 2725 qualitas
662 2681 759 2717 alia
788 2681 972 2717 inferens
1010 2683 1178 2719 tantum.
1219 2681 1319 2717 alia
1358 2681 1481 2719 illata.
1523 2681 1624 2717 alia
1664 2683 1892 2724 utrumque.

221 2746 409 2782 Inferens
449 2746 587 2781 autem
628 2745 726 2780 alia
764 2745 950 2781 inferens
990 2745 1231 2790 passibilem
1273 2745 1525 2790 qualitatem.
1569 2744 1669 2780 alia
1709 2744 1893 2780 inferens

219 2810 472 2856 passionem.
526 2808 720 2844 Similiter
746 2809 955 2853 passibilis
989 2809 1166 2854 qualitas
1201 2809 1313 2845 illata
1349 2809 1447 2845 alia
1483 2819 1507 2844 a
1545 2808 1729 2853 passibili
1768 2807 1894 2852 quali-

165 2884 200 2909 40
221 2877 317 2913 tate.
345 2874 444 2910 alia
470 2883 494 2910 a
522 2874 733 2919 passione.
784 2873 939 2910 Eodem
969 2874 1091 2909 modo
1115 2876 1155 2910 ct
1177 2874 1300 2909 dividi
1324 2876 1364 2908 et
1386 2873 1589 2909 subdividi
1613 2875 1761 2917 potest.
1785 2873 1891 2917 quod

367 2999 380 3030 1
412 2995 486 3036 vell
514 2999 552 3029 ut
578 2997 606 3029 A
683 2997 841 3029 salubris
868 2997 895 3029 Α
998 2998 1014 3028 4
1045 2999 1081 3029 et
1108 2997 1215 3029 molle
1244 2997 1370 3029 Boellz.
1401 3005 1466 3037 per
1494 2997 1601 3028 molle
1628 2997 1654 3028 A
1770 2997 1788 3026 5
1817 2997 1895 3036 qui-

221 3054 319 3096 dem]
347 3056 434 3097 quia
459 3056 486 3088 A

366 3127 375 3149 ¹
405 3127 552 3160 Boeth.
583 3127 604 3160 Ι.
633 3133 681 3159 a:
708 3127 843 3165 ‚Tertia
870 3136 958 3159 vero
985 3127 1156 3167 specics.⁸

1924 2395 2060 2430 Boetli.

1925 2454 1958 2487 p.
1969 2443 2039 2477 2452
2054 2443 2083 2477 1)
