2200 3387
329 230 372 263 152
729 228 836 260 Peter
862 227 1064 259 Abaelards
1091 226 1226 266 Logica
1253 222 1575 265 ,Ingredientibus‘.

332 326 498 362 maioris
535 327 690 361 tantum
721 324 785 360 vel
815 323 1013 368 aequalis.
1066 321 1255 366 Alioquin
1283 320 1428 356 falsum
1457 319 1667 355 videretur
1693 319 1875 364 speciem
1902 328 1983 354 non

332 390 563 435 praedicari
585 389 635 425 de
656 397 822 433 genere.
865 388 1003 432 Neque
1026 387 1152 422 enim.
1199 386 1239 420 In
1266 384 1450 429 partibus
1482 383 1672 423 ostendit,
1694 383 1802 428 quod
1825 383 1983 419 minora

331 465 411 490 non
447 454 740 498 praedicantur
775 453 825 488 de
860 451 1095 488 maioribus.
1133 451 1197 485 vel
1225 450 1276 485 ab
1304 448 1467 488 effectu,
1501 448 1610 492 quod
1637 447 1795 483 scilicet
1821 457 1903 483 non
1931 447 1986 483 di-

333 519 462 554 cimus
496 519 551 553 ita
579 518 729 553 animal
764 526 860 553 esse
896 516 1115 552 hominem.
1150 515 1189 550 id
1216 516 1280 549 est
1307 512 1596 548 universaliter
1623 513 1699 548 etc.
1750 512 1808 548 De
1834 512 1988 556 quibus

333 585 486 618 antem.
538 581 867 627 Exemplificavit
906 581 957 616 de
995 579 1306 625 praedicatione
1337 577 1503 623 generis
1540 577 1593 612 ad
1628 576 1807 621 speciem
1837 577 1878 612 et
1904 576 2024 612 vult-5

333 647 643 692 exemplificare
672 647 721 682 de
750 645 1060 691 praedicatione
1089 643 1254 689 generis
1282 642 1334 678 ad
1353 641 1564 677 individua
1585 641 1802 686 supposita
1821 640 1987 685 speciei.

334 713 430 748 ideo
467 712 524 747 sic
552 711 626 746 ait:
664 711 712 746 <ie
739 711 893 755 quibus
920 712 1060 745 autem
1092 710 1179 744 etc..
1217 716 1266 743 ac
1294 707 1327 742 si
1356 706 1534 742 diceret:
1574 705 1662 741 Non
1691 705 1824 741 solum
1851 706 1987 740 autem

334 786 465 822 genus
494 775 757 820 praedicatur
784 774 833 810 de
861 774 1013 818 specie.
1051 773 1125 808 sed
1154 772 1276 807 etiam
1305 771 1355 806 de
1383 769 1609 815 suppositis
1637 769 1803 814 speciei.
1854 769 1991 807 Neces-

334 840 553 876 sar1'‹›sive
571 846 754 884 semper·
772 839 823 874 ad
843 837 1197 874 universalitatem
1213 835 1391 880 respicit,
1413 844 1462 870 ac
1476 834 1510 870 si
1525 830 1703 882 diceret:
1732 842 1827 869 esse
1846 842 1988 879 genus.

343 905 474 949 Vsque
509 905 566 939 ml
599 903 984 947 yenerc1lissimum.
1036 901 1282 937 Inclusivum
1320 901 1381 936 est
1417 899 1513 935 illud
1551 904 1716 943 ,usque*‚
1744 907 1826 934 non
1853 897 2045 933 exclu-10

337 970 481 1006 sivum.
498 968 593 1013 quia
609 968 715 1003 inter
730 966 1027 1012 praedicabilia
1043 966 1303 1001 includuntur
1315 964 1436 1000 etiam
1452 963 1778 1009 generalissima.
1806 962 1851 998 Si
1865 962 1991 998 enim.

337 1034 378 1069 In
407 1033 591 1078 partibus
620 1031 801 1067 ostendit
827 1039 959 1076 genus
986 1030 1217 1075 praedicari
1245 1029 1296 1065 de
1324 1028 1553 1073 suppositis
1575 1027 1730 1072 speciei
1753 1028 1793 1063 et
1813 1026 1992 1072 generis,

338 1105 471 1141 genus
498 1096 593 1131 illud
622 1095 756 1134 etiam.
785 1094 893 1139 quod
920 1093 1118 1129 remotius
1147 1094 1210 1128 est
1236 1094 1278 1128 ut
1305 1091 1673 1137 generalissimum,
1707 1090 1803 1135 quia
1835 1090 1994 1126 scilicet

337 1160 487 1196 animal
516 1160 566 1195 de
589 1159 758 1195 Socrate
787 1160 826 1193 et
854 1157 1087 1193 substantia
1107 1156 1380 1202 praedicatur.
1422 1155 1470 1191 Et
1501 1156 1579 1191 hoc
1612 1157 1692 1191 est:
1719 1156 1824 1190 Cum,
1847 1163 1992 1190 verum

337 1225 389 1260 sit
424 1225 558 1259 ‹Meet-e
593 1224 804 1258 Socratem
842 1231 925 1257 esse
958 1221 1188 1263 hominem,
1228 1229 1390 1256 omnem
1427 1220 1566 1255 autem
1605 1218 1812 1254 hominem
1850 1227 1993 1254 verum
2017 1229 2048 1253 15

339 1290 390 1324 sit
425 1289 563 1324 dicere
597 1297 691 1323 esse
725 1287 888 1328 animal,
927 1288 968 1322 et
994 1295 1137 1322 rursus
1165 1295 1255 1321 cum
1283 1294 1426 1320 verum
1453 1284 1505 1319 sit
1532 1283 1669 1319 dicere
1697 1292 1818 1319 omne
1845 1282 1995 1319 animal

339 1353 623 1394 substantiam,
651 1361 794 1387 verum
831 1351 909 1387 erit
941 1350 1154 1386 Socratem
1182 1358 1347 1394 quoque
1382 1348 1521 1384 dicere
1551 1347 1835 1389 substantiam,
1863 1348 1903 1383 et
1932 1347 1996 1383 est

338 1418 471 1453 forma
507 1416 743 1462 syllogismi.
795 1416 839 1451 Si
873 1415 999 1451 enim.
1050 1414 1160 1450 Vere
1187 1416 1268 1450 tam
1297 1413 1448 1450 animal
1475 1422 1596 1457 quam
1624 1412 1855 1448 substantia
1880 1420 1997 1457 prae-

340 1482 497 1518 dicatur
524 1481 574 1517 de
598 1481 780 1522 Socrate,
809 1479 905 1524 quia
931 1479 1070 1515 omnia
1091 1479 1309 1524 superiora
1333 1478 1383 1514 de
1405 1477 1668 1513 inferioribus
1691 1477 1775 1512 suis
1802 1486 1827 1512 a
1850 1476 1997 1521 triplici

340 1548 436 1582 toto.
487 1546 651 1590 Species
677 1545 860 1590 quidem.
911 1543 1029 1584 Quod
1055 1544 1111 1579 ait
1138 1543 1354 1588 superiora
1381 1543 1431 1578 de
1464 1541 1727 1578 inferioribus
1754 1540 1997 1586 praedicari,
2017 1548 2052 1574 20

341 1610 559 1655 diligenter
593 1609 815 1654 distinguit,
853 1617 959 1653 quae
995 1608 1152 1644 scilicet
1186 1608 1236 1643 de
1271 1607 1418 1652 quibus
1450 1606 1633 1642 habeant
1658 1604 1902 1650 praedicari.
1952 1605 1998 1641 Si

337 1675 468 1719 plura
497 1675 580 1710 sin!
602 1674 757 1715 media,
783 1673 823 1709 id
851 1674 915 1709 est
941 1681 1033 1708 cum
1060 1672 1177 1717 plura
1204 1672 1295 1713 sint,
1324 1681 1372 1707 ac
1399 1671 1434 1706 si
1454 1671 1642 1716 probatio
1665 1670 1727 1706 sit.
1777 1670 1867 1706 Non
1888 1669 1997 1705 enim

341 1739 567 1774 dubitative
595 1738 707 1778 dixit,
747 1738 856 1782 quod
890 1736 1082 1782 superius
1118 1736 1282 1772 dixerat
1317 1736 1358 1771 in
1385 1744 1635 1780 unoquoque
1662 1734 1998 1780 praedicamento

342 1813 438 1839 esse
469 1803 719 1838 subalterna.
771 1802 924 1838 Poterit
949 1801 1127 1837 fortasse
1159 1803 1199 1837 et
1235 1800 1460 1837 dubitative
1489 1800 1567 1836 dici
1594 1801 1764 1844 propter
1788 1798 2000 1844 praedica-

342 1870 523 1904 mentum
563 1867 625 1902 Ad
665 1867 830 1911 aliquid,
870 1866 911 1902 in
952 1875 1032 1911 quo
1069 1866 1142 1901 sub
1180 1859 1497 1911 generalissimo
1540 1865 1631 1901 sola
1669 1864 1859 1900 dicuntur
1903 1872 1999 1899 esse
2019 1871 2054 1896 ‘2⁵

343 1932 652 1977 specialissima.
674 1931 783 1976 quod
805 1931 931 1967 alias
953 1930 1269 1967 convenientius
1291 1930 1620 1971 ostendemus.
1661 1928 1778 1969 Quod
1800 1928 1834 1964 si
1856 1937 1998 1963 verum

344 1998 418 2035 est,
445 1997 524 2032 hoc
551 1996 658 2041 quod
687 1995 751 2031 hic
778 1995 885 2036 dicit,
925 1994 1044 2040 quasi
1079 1994 1282 2030 correctio
1312 1994 1352 2030 et
1379 1995 1583 2038 quaedam
1617 1992 1905 2030 determinatio
1939 1993 2001 2028 est

343 2061 461 2099 illius,
498 2060 607 2105 quod
646 2059 837 2105 superius
871 2059 1034 2095 dixerat
1074 2059 1299 2095 secundum
1338 2059 1452 2094 alios.
1505 2058 1578 2094 Vel
1605 2057 1729 2094 etiam
1755 2057 1851 2093 ideo
1878 2056 2000 2092 dixit:

345 2125 391 2161 ,si
426 2124 543 2169 plura
579 2123 683 2161 sint‘.
720 2123 828 2168 quod
864 2123 1103 2159 subalterna
1139 2122 1318 2158 maxime
1353 2122 1548 2158 deficiunt
1583 2121 1622 2157 in
1662 2130 1778 2157 voce.
1835 2120 2003 2156 Dicitur

344 2190 469 2224 enim.
522 2188 630 2224 Vere
650 2187 1009 2233 generalissimum
1026 2187 1172 2223 dicitur
1193 2187 1244 2223 de
1264 2186 1499 2232 generibus,
1521 2186 1752 2231 speciebus,
1770 2184 2001 2226 individuis,
2021 2193 2056 2218 30

345 2254 442 2298 quia
457 2253 507 2289 de
525 2253 714 2288 omnibus
731 2252 967 2297 suppositis.
998 2251 1031 2287 A
1050 2253 1148 2287 toto.
1176 2252 1324 2287 Solum
1347 2253 1490 2287 (tutem
1506 2251 1673 2295 speeies,
1685 2250 1725 2286 id
1742 2251 1806 2286 est
1820 2258 1927 2295 quae
1939 2250 2003 2285 est

346 2319 502 2353 tantum
540 2316 714 2361 species,
751 2326 833 2352 non
870 2316 994 2352 etiam
1031 2325 1174 2361 genus.
1236 2316 1477 2357 Indszividua,
1515 2316 1559 2351 ut
1591 2314 1786 2351 Socrates
1825 2314 1876 2350 de
1908 2313 2002 2350 albo

346 2381 411 2417 vel
439 2382 516 2417 hoc
537 2381 705 2417 animali
726 2381 872 2417 dicitur
893 2383 936 2416 ut
957 2381 1007 2416 de
1029 2381 1223 2417 contento
1245 2382 1286 2416 et
1306 2390 1388 2416 non
1410 2380 1460 2416 de
1481 2379 1664 2424 pluribus
1678 2378 2003 2424 particularibus,

346 2446 386 2482 id
414 2448 477 2481 est
504 2446 621 2490 plura
648 2445 965 2482 nominantibus.
995 2445 1099 2481 sicut
1127 2447 1167 2480 et
1194 2444 1385 2490 superius
1411 2444 1453 2480 in
1481 2444 1719 2480 definitione
1752 2442 2001 2479 universalis

347 2511 463 2555 plura
484 2510 709 2546 secundum
731 2510 1054 2545 nominationem
1073 2509 1278 2545 vocabula
1295 2509 1691 2545 determinavimus1.
1726 2508 2003 2544 Individuum
2023 2514 2058 2539 35

348 2576 474 2610 enim.
527 2574 635 2610 Vere
663 2574 873 2610 individua
907 2575 957 2610 de
994 2583 1074 2610 uno
1110 2573 1405 2618 praedicabilia
1442 2575 1546 2611 sunt,
1581 2573 1677 2618 quia
1703 2573 1794 2610 ista.
1829 2574 1870 2608 et
1895 2571 2004 2608 unde

348 2639 453 2675 hoc‘?
499 2639 628 2679 Quod,
656 2639 813 2675 scilicet
834 2639 940 2683 quia,
967 2639 1058 2677 ista.
1081 2638 1190 2683 quod
1216 2638 1309 2674 ideo
1337 2638 1558 2679 individua,
1587 2638 1682 2683 quia
1708 2637 1900 2673 videlicet
1925 2635 2006 2672 ista

349 2706 444 2739 sunt
476 2703 703 2739 individua:
740 2703 977 2749 Assignatio
1004 2703 1330 2748 consequentiae
1358 2703 1424 2738 vel
1458 2701 1828 2749 argumentationis
1861 2709 2006 2736 secun-

349 2768 443 2804 dum
470 2768 749 2804 habitudinem
778 2768 962 2804 subiecti.
1003 2768 1128 2804 Solus
1153 2768 1216 2803 sit.
1268 2767 1390 2804 Nota
1416 2767 1480 2803 hic
1507 2767 1759 2803 individuum
1787 2764 2005 2801 manifeste

493 2874 507 2904 1
537 2872 617 2903 vidr
638 2872 666 2902 A
767 2872 786 2903 3
814 2871 1012 2904 minoribus
1032 2871 1063 2903 A
1162 2872 1180 2902 5
1208 2872 1243 2903 et
1265 2871 1378 2911 ponit
1400 2871 1488 2911 post
1513 2870 1660 2911 generis
1682 2869 1711 2900 A
1807 2869 1825 2901 6
1854 2866 2006 2909 speciei]

351 2930 476 2971 specie
497 2931 524 2961 Α
584 2931 643 2981 υ11
667 2929 717 2970 Si]
739 2930 809 2963 Sed
826 2931 854 2961 A
921 2930 961 2962 14
984 2928 1034 2969 et]
1053 2930 1160 2962 etiam
1180 2930 1207 2960 A
1275 2929 1315 2961 18
1343 2929 1378 2961 Si
1400 2929 1527 2961 Boeth.
1544 2927 1616 2969 Spe
1632 2928 1660 2959 A
1715 2928 1756 2959 19
1778 2936 1798 2960 a
1826 2926 1960 2967 duplici
1977 2927 2006 2957 A

352 2989 394 3021 20
429 2987 547 3028 Quod]
575 2990 627 3026 Qd
656 2989 853 3028 (Quidam)
882 2988 913 3020 A
1030 2989 1069 3020 21
1100 2986 1145 3027 si]
1172 2987 1236 3019 sed
1266 2989 1293 3018 A
1418 2988 1460 3020 22
1489 2984 1586 3026 sunt]
1613 2987 1684 3018 sint
1706 2986 1734 3017 A
1843 2985 1885 3017 30
1913 2985 2007 3017 enim

350 3047 460 3079 mulli
487 3047 590 3080 codd.
619 3047 745 3079 Boeth.
773 3049 893 3079 autem
920 3046 1051 3079 editor.

491 3111 501 3132 ¹
531 3112 581 3145 Gr.
610 3119 741 3153 supra,
770 3121 804 3152 p.
835 3109 909 3144 177.
