2200 3387
496 240 525 270 2.
558 238 623 270 Die
657 238 812 271 Glossen
841 247 883 270 zu
912 239 981 270 den
1014 238 1248 277 Katogoricn.
1279 256 1318 259 -—
1350 237 1400 269 De
1427 236 1643 268 substantia.
1842 233 1908 266 1623

233 335 545 371 tundamentum
581 335 780 371 orationis
815 335 879 371 vel
914 335 1160 370 intellectus.
1214 334 1325 370 Haec
1362 334 1469 369 enim
1508 333 1658 368 oratio:
1700 332 1907 370 ,Socrates

231 401 360 437 sedet·
391 401 453 436 vel
483 401 716 436 intellectus
746 401 884 445 ipsius,
920 400 958 435 in
986 399 1170 438 Socrate.
1209 399 1260 434 de
1297 409 1378 444 quo
1415 398 1559 442 agitur.
1598 408 1679 434 non
1715 397 1909 433 fundatur

232 468 272 502 et
299 475 434 511 aeque
463 465 667 511 loquimur
699 466 749 501 de
784 465 1069 502 accidentibus
1096 465 1201 500 sicut
1227 465 1278 500 (10
1308 463 1552 500 substantiis
1591 473 1724 508 eaque
1763 463 1908 499 intelli-

230 531 365 575 gimus
398 531 503 567 sicut
530 531 786 566 substantias
814 532 855 566 et
881 530 1094 566 orationes
1123 531 1164 565 et
1190 529 1424 565 intellectus
1448 528 1498 564 ad
1526 528 1760 564 accidentia
1788 528 1908 573 perti-

195 598 393 633 5nentes.
448 596 503 632 lta
543 596 666 632 etiam
707 596 934 632 secundum
982 605 1033 631 ea
1079 596 1365 640 permutantur
1403 594 1509 629 sicut
1549 593 1778 629 secundum
1817 593 1908 628 sub-

233 661 420 697 stantias.
484 661 692 697 Potuimus
735 661 913 697 fortasse
959 660 1278 696 convenientius
1321 659 1515 704 accipere
1566 658 1805 699 ‚secundum
1846 658 1908 693 sui

234 726 513 762 mutationem·
542 725 594 761 ad
623 726 898 761 differentiam
928 725 1206 761 accidentium
1235 726 1276 761 et
1303 724 1640 763 substantiarum.
1675 725 1717 759 ut
1751 723 1910 759 scilicet

233 791 418 826 dicamus
447 791 703 827 substantias
740 801 868 836 posse
897 790 1123 836 permutari
1160 790 1271 826 circa
1307 789 1517 825 contraria
1553 788 1781 824 secundum
1820 797 1910 833 pro-

234 856 361 901 priam
391 857 672 894 mutationem.
700 857 758 892 ita
784 856 942 892 scilicet
969 856 1079 901 quod
1112 855 1210 891 nihil
1239 855 1347 891 aliud
1384 855 1652 899 permutetur.
1705 853 1772 890 Sic
1800 853 1909 890 enim

181 921 311 957 101100
338 931 490 966 corpus
524 922 635 958 circa
667 922 902 958 albedinem
932 922 999 957 vel
1035 921 1295 967 nigredinem
1330 919 1529 965 possibile
1566 921 1630 955 est
1666 919 1830 959 variari.
1868 920 1911 954 ut

234 986 330 1021 nibil
358 986 466 1022 aliud
496 996 546 1022 eo
574 996 752 1023 neeesse
782 987 834 1023 sit
870 986 1114 1032 permutari;
1152 986 1210 1022 sic
1245 995 1424 1030 namque
1461 984 1696 1020 albedinem
1733 984 1910 1029 perdere

232 1052 372 1096 potest
399 1053 440 1087 et
474 1052 734 1097 nigredinem
768 1062 947 1090 sumere.
986 1051 1154 1087 1111111111
1193 1060 1283 1087 cum
1322 1060 1373 1086 eo
1412 1051 1680 1095 permutetur.
1732 1049 1784 1085 At
1810 1058 1910 1084 vero

233 1117 266 1152 si
294 1117 443 1153 albedo
472 1117 584 1153 circa
621 1118 916 1153 obscuritatem
946 1117 1011 1153 vel
1046 1117 1275 1153 claritatem
1314 1117 1571 1161 permutetur
1598 1115 1664 1151 vel
1701 1114 1912 1160 quaelibet

232 1182 366 1218 forma
393 1192 655 1228 quocumque
683 1183 805 1219 modo
833 1183 1030 1223 varietur,
1068 1191 1246 1218 necesse
1285 1183 1349 1217 est
1381 1191 1472 1217 cum
1511 1181 1603 1225 ipsa
1639 1180 1748 1216 aliud
1787 1180 1911 1216 etiam

180 1257 212 1282 15
233 1247 459 1292 permutari
487 1250 528 1284 et
555 1248 687 1293 ipsam
716 1250 756 1284 et
784 1248 1013 1284 subiectam
1037 1248 1184 1283 saltem
1208 1247 1495 1283 substantiam.
1547 1245 1589 1282 Si
1611 1245 1720 1281 enim
1743 1245 1912 1281 diversa

232 1312 306 1348 fiat
333 1312 484 1349 albedo
513 1322 588 1358 per
614 1313 692 1349 hoc
721 1314 830 1359 quod
859 1314 982 1349 modo
1017 1313 1131 1349 clara
1165 1314 1240 1349 est.
1277 1312 1400 1347 modo
1438 1311 1628 1349 obscura.
1667 1312 1708 1347 et
1744 1310 1913 1346 diversa

232 1378 278 1414 fit
306 1379 538 1414 substantia
571 1379 611 1414 in
646 1389 708 1417 eo.
744 1379 853 1424 quod
888 1379 1011 1415 modo
1048 1379 1202 1414 claram
1240 1377 1486 1414 albedinem.
1527 1376 1651 1412 modo
1691 1376 1911 1411 obscuram

235 1444 370 1480 habet.
417 1443 523 1484 Quia
538 1444 677 1489 itaque
690 1444 950 1480 substantiae
973 1443 1032 1479 sic
1054 1443 1209 1479 variari
1228 1443 1415 1488 possunt.
1438 1443 1480 1477 ut
1502 1441 1598 1477 nihil
1621 1441 1730 1476 aliud
1752 1450 1912 1486 permu-

234 1510 352 1546 tetur.
385 1508 544 1545 formae
573 1519 674 1545 vero
702 1519 784 1545 non
813 1511 999 1554 possunt.
1027 1510 1135 1545 bene
1163 1509 1242 1544 1100
1263 1507 1523 1543 substantiae
1545 1507 1701 1542 habere
1723 1506 1914 1542 dicuntur

179 1582 214 1607 20
234 1575 462 1611 secundum
499 1575 708 1620 propriam
743 1575 1025 1612 mutationem.
1060 1575 1117 1610 ita
1150 1574 1309 1609 scilicet
1342 1573 1451 1618 quod
1489 1582 1631 1608 earum
1666 1574 1824 1608 tantum
1861 1572 1914 1608 sit

233 1640 416 1679 mutatio.
442 1640 602 1677 formae
630 1650 732 1676 vero
761 1641 869 1677 bene
897 1642 1114 1686 negantur.

377 1711 443 1748 Sic
464 1711 587 1757 iunge
610 1713 650 1748 et
671 1712 782 1757 lege:
810 1711 1051 1757 praedictae
1074 1711 1394 1747 communitates
1416 1709 1722 1755 quodammodo
1744 1709 1913 1754 propria

235 1777 313 1813 dici
328 1777 624 1822 possunt‚quia
645 1787 788 1813 earum
811 1777 1029 1822 quaedam.
1052 1776 1130 1812 etsi
1152 1786 1234 1812 non
1256 1775 1512 1811 conveniunt
1533 1774 1633 1810 solis
1655 1774 1911 1813 substantiis

234 1845 373 1878 tamen
414 1842 617 1883 omnibus.
658 1843 810 1888 quippe
850 1842 1063 1887 proprium
1104 1841 1402 1886 quadrifariam
1443 1840 1648 1876 dividitur.
1713 1839 1794 1876 Sed
1834 1840 1913 1876 1100

180 1916 214 1942 2⁵
236 1908 416 1944 maxime
445 1908 667 1954 proprium.
704 1908 744 1948 id
772 1911 837 1944 est
869 1908 1035 1953 proprie
1064 1907 1287 1953 proprium.
1315 1906 1480 1942 videtur
1515 1915 1612 1941 esse
1640 1905 1912 1944 substantiae.

235 1974 345 2019 quod
373 1974 567 2010 videlicet
602 1974 692 2020 ipsa
728 1974 876 2010 eadem
914 1982 1166 2018 permanens
1203 1972 1245 2008 in
1285 1973 1371 2008 tota
1410 1971 1621 2017 personali
1661 1971 1912 2007 discretione

235 2049 337 2076 suae
365 2040 588 2079 essentiae.
617 2042 682 2076 est
708 2039 988 2085 susceptibilis
1016 2038 1331 2078 contrariorum.
1366 2038 1445 2074 1100
1472 2039 1538 2073 est
1570 2038 1709 2082 potest
1736 2037 1913 2073 diversis

235 2105 492 2151 temporibus
529 2105 696 2141 diversa
732 2105 946 2150 suscipere
984 2104 1206 2140 contraria.
1261 2103 1307 2139 In
1345 2103 1448 2139 (tliz's
1484 2103 1668 2148 quidem.
1722 2102 1915 2139 Ostendit

234 2171 274 2207 id
303 2171 468 2217 proprie
497 2171 708 2216 proprium
742 2180 851 2210 esse.
889 2180 964 2215 per
999 2170 1078 2206 1100
1114 2169 1272 2206 scilicet
1299 2169 1409 2214 quod
1436 2169 1641 2204 monstrat
1668 2168 1801 2213 ipsum
1830 2177 1913 2204 non

181 2244 216 2270 30
237 2236 369 2272 solum
398 2235 601 2275 omnibus.
623 2244 768 2271 verum
791 2235 915 2270 etiam
939 2234 1038 2270 solis
1059 2233 1285 2270 convenire
1308 2233 1563 2269 substantiis.
1616 2232 1915 2277 Quaecumque

238 2312 323 2337 non
349 2303 449 2337 sun!
473 2301 750 2343 substantiae,
776 2310 863 2336 non
893 2300 1060 2335 habebit
1087 2299 1332 2345 quisquam,
1359 2299 1466 2344 quid
1498 2299 1703 2343 proferat,
1738 2298 1816 2334 hoc
1853 2300 1915 2334 est

237 2367 344 2402 inter
371 2375 437 2402 res
464 2366 568 2402 alias
597 2366 732 2401 nullus
765 2365 971 2411 reperiret
997 2365 1151 2410 aliquid
1181 2364 1247 2400 cui
1274 2364 1407 2409 possit
1428 2365 1585 2409 aptare.
1646 2364 1759 2399 Velut
1786 2364 1913 2399 color.

238 2431 278 2468 Si
306 2432 445 2467 album
473 2433 514 2467 et
541 2431 700 2477 nigrum
730 2432 895 2476 sumpta
928 2431 1009 2467 sint
1042 2431 1094 2467 ab
1123 2430 1317 2467 albedine
1345 2431 1387 2466 et
1413 2429 1642 2475 nigredine,
1670 2438 1814 2465 verum
1851 2430 1915 2465 est

238 2497 416 2543 quidem.
444 2497 553 2541 quod
580 2506 804 2541 numquam
832 2497 941 2532 idem
963 2496 1078 2532 color
1098 2496 1176 2532 erit
1197 2496 1347 2532 albedo
1370 2496 1412 2531 et
1438 2495 1624 2540 nigredo,
1652 2494 1749 2539 quia
1770 2504 1914 2539 corpo-

184 2572 218 2597 35
239 2564 501 2598 rumtantum
519 2564 584 2598 est
604 2562 793 2598 colorari.
834 2561 915 2598 Sed
931 2571 1014 2597 non
1027 2561 1192 2597 videtur
1208 2561 1363 2597 habere
1385 2561 1559 2605 pondus.
1581 2569 1673 2596 cum
1695 2561 1914 2604 utrumque

239 2627 471 2673 aequaliter
497 2628 671 2667 constet,
705 2627 814 2663 nullo
843 2627 965 2663 modo
1000 2636 1126 2672 posse
1159 2627 1301 2663 inesse
1335 2625 1475 2665 001011,
1510 2625 1689 2670 ideoque
1717 2625 1913 2670 quidam

239 2695 345 2734 sunt.
374 2693 441 2739 qui
470 2692 629 2733 album·
659 2694 699 2728 et
727 2692 910 2738 ,nigrum‘
940 2678 1107 2728 sumu-nt
1134 2692 1199 2728 hic
1226 2701 1300 2737 pro
1329 2692 1481 2731 ,facere
1509 2691 1659 2727 album‘
1694 2691 1735 2726 et
1763 2689 1913 2731 ‚facere

240 2758 423 2804 nigrum‘.
452 2766 559 2802 quae
587 2756 813 2793 convenire
842 2756 1050 2792 coloribus
1079 2757 1265 2801 possunt.
1303 2756 1377 2791 sed
1418 2765 1499 2791 non
1537 2755 1696 2791 eisdem
1733 2753 1910 2790 diversis

240 2833 406 2869 quoque
449 2821 716 2867 temporibus.
775 2821 853 2857 Nee
892 2822 1037 2856 eadem
1081 2821 1204 2856 aetio.
1273 2821 1360 2856 Hoc
1400 2821 1549 2856 falsum
1590 2820 1762 2856 videtur.
1804 2818 1913 2863 quod

186 2900 220 2924 40
241 2889 389 2925 eodem
412 2897 577 2932 quoque
600 2888 787 2931 tempore
810 2887 955 2922 eadem
979 2886 1087 2922 aetio
1110 2886 1220 2921 bona
1242 2886 1405 2922 videtur
1426 2887 1467 2921 et
1488 2886 1607 2924 mala.
1630 2886 1672 2920 ut
1692 2884 1913 2929 suspensio

241 2954 414 2990 latronis
440 2954 443 2996 Ι
467 2954 507 2989 et
542 2953 653 2988 bona
689 2951 838 2987 dicitur
864 2961 958 2987 esse
993 2951 1031 2987 ei
1059 2951 1126 2996 qui
1163 2951 1358 2987 iustitiam
1395 2950 1504 2990 tacit,
1541 2953 1582 2986 et
1618 2950 1726 2985 mala
1753 2949 1914 2985 videtur
1943 2959 1964 2991 r,
1994 2959 2068 2992 232»

384 3095 404 3128 6
433 3094 621 3138 posuimus
647 3093 675 3128 A
780 3094 820 3127 15
849 3093 931 3136 ipsa
961 3093 986 3124 Α
1089 3093 1132 3123 36
1160 3091 1316 3127 colorari
1344 3091 1385 3125 Α.
