2200 3387
196 922 228 948 10

194 1578 229 1604 20

194 1911 229 1937 25

196 2358 231 2384 30

463 230 494 264 2.
525 229 591 264 Die
625 230 781 264 Glossen
809 239 853 263 zu
881 230 950 263 den
982 229 1218 271 Kategorien.
1246 249 1289 253 —
1318 230 1370 263 De
1397 230 1535 264 Facere
1562 232 1598 263 et
1624 228 1713 264 Patl.
1861 227 1927 263 251

248 337 339 364 mur
359 328 517 373 quales,
539 327 579 364 id
600 329 664 364 est
686 327 783 372 quia
804 337 877 364 eas
900 327 1114 363 habemus.
1167 331 1196 363 Α
1213 336 1352 364 causa.
1403 327 1586 363 Seientes
1607 328 1733 364 enim.
1779 328 1929 364 Iterum

248 394 408 439 probat.
445 393 555 439 quod
593 393 738 438 quales
776 393 960 433 dicimur.
998 393 1095 437 quia
1131 393 1326 429 scientes.
1378 393 1411 428 A
1450 396 1579 438 parte.
1631 393 1678 429 Et
1705 393 1929 435 attende.

249 459 360 504 quod
388 459 466 495 hoc
494 468 647 495 nornen
677 458 893 498 scientes.
922 458 1032 503 quod
1068 460 1275 503 sumptum
1315 468 1340 494 a
1377 458 1563 503 generali
1603 459 1782 499 nomine,
1819 459 1930 504 quod

249 527 313 561 est
340 524 526 562 scientia.
556 534 637 560 non
664 523 862 560 inferiora
890 523 1069 564 nomina,
1099 523 1204 559 sicut
1231 523 1558 569 grammaticum.
1587 524 1801 564 musicum.
1835 524 1929 560 ideo

249 588 474 634 praecipue
504 588 652 633 posuit.
687 597 778 624 cum
808 588 1053 624 ostenderet
1079 587 1213 632 quale.
1248 589 1292 623 ut
1319 589 1464 632 aperte
1493 587 1686 624 innueret
1713 597 1845 631 genus
1872 588 1930 633 ip-

248 663 338 690 sum
366 653 533 699 proprie
562 653 790 689 secundum
819 652 1170 698 significationem
1192 662 1288 689 esse
1310 653 1562 698 qualitatem,
1584 663 1667 689 non
1690 653 1741 689 ad
1763 653 1929 698 aliquid,

248 717 355 754 sicut
382 719 423 754 et
450 718 615 763 species
644 717 784 763 ipsiuS.
837 717 990 760 Quare,
1017 717 1114 762 quia
1135 717 1294 753 scilicet
1315 717 1454 762 qualia
1474 717 1642 753 faciunt.
1694 718 1728 753 Α
1750 717 1931 763 descrip-

248 783 372 820 tione.
426 783 543 827 Qeme
577 783 823 827 sinynlaria
861 785 973 825 sunt,
1013 782 1091 819 hoc
1131 784 1196 819 est
1235 792 1302 819 res
1342 783 1585 828 specialium
1626 783 1850 823 nominum,
1890 785 1931 820 et

248 849 417 885 omnino
445 857 527 884 non
556 850 676 885 erunt
703 848 756 885 ad
784 848 950 893 aliquid.
1002 848 1045 884 In
1074 858 1155 893 quo
1184 848 1310 884 etiam
1337 848 1526 884 similiter
1553 848 1736 885 ostendit
1762 858 1831 885 res
1861 858 1930 894 ge-

249 914 362 950 neris
390 923 497 959 quae
520 914 695 950 eaedem
716 915 821 954 sunt,
844 922 940 950 esse
963 913 1185 958 qualitates
1213 915 1255 950 et
1281 923 1364 950 non
1393 922 1488 950 esse
1516 913 1568 950 ad
1596 913 1762 958 aliquid,
1791 915 1832 950 et
1856 923 1931 959 per

249 979 327 1016 hoc
344 980 466 1025 plane
488 980 637 1015 astruit
657 979 762 1016 haec
788 979 829 1015 in
858 979 921 1017 ,ad
949 979 1113 1024 aliquid*
1137 979 1234 1024 poni
1257 979 1485 1015 secundum
1510 979 1749 1024 opinionem
1770 981 1929 1016 tantum

247 1044 434 1081 aliorum.
485 1044 692 1090 Amplius.
743 1044 896 1091 Tetigit
923 1044 1116 1090 superius
1143 1044 1513 1090 perturbationem,
1536 1054 1660 1089 quam
1687 1047 1834 1091 posset
1861 1045 1930 1082 ali-

248 1110 339 1156 quis
365 1110 534 1149 habere,
562 1112 603 1146 et
630 1119 802 1146 causam
829 1109 959 1155 ipsius
987 1110 1325 1155 perturbationis,
1354 1111 1492 1156 posuit
1519 1110 1645 1147 etiam
1668 1110 1930 1152 solutionem,

248 1175 323 1212 sed
351 1176 523 1218 occulte,
551 1175 731 1212 innuens
759 1176 919 1212 scilicet
945 1175 1027 1212 ista
1054 1176 1283 1212 secundum
1306 1176 1365 1212 rei
1387 1176 1607 1213 veritatem
1629 1186 1712 1213 non
1734 1177 1832 1222 poni
1853 1177 1931 1213 sub

212 1253 228 1277 5
249 1242 312 1282 ,ad
334 1241 512 1287 aliquid,
541 1242 615 1278 sed
637 1243 713 1278 sub
736 1241 947 1287 qualitate.
1001 1241 1133 1282 Quam
1156 1242 1323 1287 quidem
1345 1242 1606 1283 solutionem,
1629 1242 1825 1288 quoniam
1846 1252 1930 1279 non

248 1307 481 1352 aequaliter
506 1307 723 1350 <omnibus
756 1306 1027 1349 satisfacere>
1055 1307 1278 1349 existimat,
1317 1308 1392 1344 sed
1429 1308 1632 1352 quosdam
1670 1308 1930 1353 importunos

249 1371 375 1408 sentit
402 1371 442 1408 in
470 1381 520 1408 eo
548 1372 790 1417 persistere,
818 1373 861 1408 ut
887 1372 1016 1408 velint
1042 1371 1151 1408 idem
1180 1372 1359 1417 supponi
1386 1372 1563 1408 diversis
1588 1372 1851 1418 respectibus
1879 1372 1931 1409 ad

247 1437 401 1483 aliquid
438 1439 479 1474 et
517 1437 716 1483 qualitati,
762 1439 806 1473 ut
841 1437 1074 1474 satisfaciat
1116 1437 1206 1478 illis,
1246 1437 1370 1473 aliam
1410 1437 1660 1474 solutionem
1702 1438 1931 1475 secundum

249 1512 393 1540 eorum
422 1503 660 1548 opinionem
688 1503 803 1549 ponit
831 1503 987 1544 dicens,
1015 1503 1125 1548 quod
1159 1502 1201 1539 hi
1228 1503 1296 1549 qui
1324 1503 1403 1540 hoc
1434 1503 1648 1549 recipient,
1681 1503 1821 1540 dicant
1847 1513 1931 1541 non

249 1578 348 1606 esse
384 1569 687 1605 inconveniens
725 1569 834 1605 idem
868 1568 1045 1614 supponi
1082 1568 1261 1605 diversis
1301 1568 1638 1615 generalissimis.
1690 1568 1757 1606 Sic
1789 1569 1931 1616 iunge;

248 1634 382 1671 Unam
409 1634 491 1671 iam
519 1634 686 1671 ostendi
711 1634 962 1671 solutionem
990 1635 1222 1671 secundum
1248 1635 1468 1671 veritatem
1496 1644 1571 1680 per
1597 1634 1676 1671 hoc
1697 1635 1807 1680 quod
1835 1635 1931 1677 dixi,

249 1701 359 1746 quod
387 1700 485 1746 quia
511 1700 733 1745 qualitates
761 1702 868 1742 sunt,
896 1709 980 1736 non
1009 1702 1105 1736 sunt
1125 1700 1177 1736 ad
1199 1700 1365 1745 aliquid.
1416 1700 1630 1745 Amplius,
1652 1700 1692 1737 id
1714 1702 1777 1737 est
1796 1700 1932 1737 adhuc

248 1765 371 1802 aliam
399 1765 464 1807 do,
491 1765 525 1801 si
552 1765 633 1802 ista
659 1775 742 1802 non
771 1765 934 1807 sufficit,
962 1765 1072 1811 quod
1099 1775 1196 1802 eum
1223 1766 1458 1810 contingant,
1494 1767 1537 1802 ut
1571 1765 1738 1810 quidam
1774 1767 1931 1811 putant,

249 1831 358 1868 idem
394 1840 491 1868 esse
526 1832 567 1867 et
599 1831 840 1876 qualitatem
881 1833 922 1867 et
961 1831 1013 1868 ad
1047 1831 1213 1876 aliquid,
1254 1840 1337 1867 non
1378 1832 1441 1867 est
1479 1831 1782 1868 inconveniens
1823 1831 1931 1868 idem

250 1897 428 1942 supponi
456 1896 634 1933 diversis
661 1896 1005 1942 generalissimis.

827 2068 899 2109 De
932 2068 1123 2109 Facere
1157 2068 1208 2109 et
1239 2068 1360 2109 Pati.

393 2152 556 2199 Recipit
583 2154 740 2190 autem.
792 2152 1015 2190 Decursis1
1049 2155 1228 2199 quatuor
1260 2153 1624 2199 praedicamentis,
1658 2163 1767 2199 quae
1794 2153 1934 2199 aliqua

250 2218 511 2264 quaestione,
547 2218 588 2254 id
625 2219 688 2255 est
723 2218 1075 2260 considerati0ne,
1115 2227 1242 2264 egere
1276 2218 1536 2259 videbantur,
1571 2218 1753 2255 tenuiter
1791 2219 1934 2255 cetera

250 2284 517 2328 breviterque
545 2283 798 2330 perstringit,
835 2283 930 2320 ideo
965 2284 1123 2320 scilicet
1150 2284 1217 2321 vel
1244 2284 1342 2330 quia
1376 2293 1452 2330 per
1484 2293 1531 2320 se
1570 2283 1673 2320 satis
1711 2283 1935 2320 manifesta

251 2350 382 2390 erant,
415 2349 482 2386 vel
516 2349 613 2395 quia
648 2349 689 2386 in
729 2349 820 2386 aliis
853 2350 939 2386 suis
975 2350 1173 2395 operibus
1213 2349 1400 2395 perfecte
1439 2349 1536 2386 inde
1576 2351 1841 2391 tractaverat,
1882 2349 1932 2386 de

249 2414 420 2451 facere
449 2414 616 2460 quidem
644 2416 685 2451 et
710 2415 815 2460 pati
842 2415 883 2451 in
911 2415 1158 2460 quibusdam
1186 2415 1300 2451 libris
1327 2424 1402 2460 per
1429 2424 1487 2455 se,
1522 2415 1574 2451 de
1601 2415 1670 2451 ubi
1698 2416 1740 2451 et
1767 2414 1932 2460 quando

250 2480 291 2516 in
318 2479 566 2525 Physicis,
595 2480 645 2516 de
673 2480 865 2517 omnibus
893 2480 1015 2516 simul
1041 2480 1082 2517 in
1110 2480 1490 2526 Metaphysicis.
1541 2480 1698 2517 Facere
1725 2482 1864 2516 autem
1892 2481 1934 2516 et

251 2544 337 2590 pati
357 2553 530 2589 quorum
553 2544 833 2590 proprietates
855 2545 1054 2590 quasdam
1079 2545 1221 2591 tangit,
1244 2545 1355 2590 quod
1376 2545 1571 2582 videlicet
1591 2544 1933 2581 contrarietatem

252 2611 293 2646 et
320 2609 674 2655 comparationem
702 2610 917 2656 recipiunt,
957 2610 1052 2647 ideo
1086 2610 1269 2647 fortasse
1307 2610 1495 2656 qualitati
1531 2610 1799 2649 continuavit.
1837 2609 1934 2655 quia

196 2691 231 2715 :5
252 2684 305 2711 ex
333 2674 659 2720 proprietatibus
687 2684 790 2720 quas
823 2675 949 2721 ponit,
986 2676 1186 2712 siminora
1222 2676 1410 2721 qualitati
1446 2676 1641 2712 videntur
1677 2684 1772 2712 esse
1809 2684 1932 2720 quam

251 2739 412 2784 reliqua
431 2740 608 2784 quatuor
628 2739 980 2784 praedicamenta,
1004 2740 1164 2776 scilicet
1184 2740 1243 2776 ub
1254 2740 1282 2778 i.
1304 2750 1328 2785 q
1339 2749 1434 2776 uan
1445 2740 1502 2776 do
1515 2769 1521 2779 ,
1547 2740 1711 2781 situm,
1735 2739 1827 2775 hab
1838 2748 1932 2775 ere.

251 2804 368 2841 Nulla
407 2805 516 2841 enim
555 2804 716 2841 illorum
756 2805 1096 2842 contrarietatem
1136 2805 1256 2841 simul
1297 2805 1704 2850 etcomparationem
1741 2804 1933 2840 videntur

251 2870 423 2907 habere.

396 2999 438 3031 16
461 2999 552 3040 post
578 2999 785 3039 aequaliter
812 2998 956 3031 lacuna
985 2999 1023 3031 ἱη
1051 2998 1130 3031 cod.
1230 2998 1274 3031 35
1301 2998 1332 3030 si
1360 2998 1515 3032 meliora
1542 2998 1573 3030 A

395 3068 405 3090 ¹
435 3069 538 3107 Quae
553 3071 767 3110 sequuntur,
784 3069 829 3102 ad
845 3069 996 3102 verbum
1023 3070 1101 3102 fere
1121 3070 1341 3111 deprompta
1361 3070 1445 3102 sunt
1466 3077 1514 3102 ex
1530 3068 1933 3102 CommentoBoethii

254 3129 276 3163 l.
305 3139 344 3167 c.,
373 3138 407 3170 p.
437 3129 502 3162 261
520 3128 561 3168 D,
590 3128 656 3161 262
670 3129 711 3161 A.

1958 1017 2096 1053 Boetli.

1959 1076 1995 1109 p.
2008 1065 2075 1100 261
2093 1066 2122 1100 Β

1959 2132 2098 2169 Boeth.

1960 2191 1995 2225 p.
2005 2181 2073 2216 261
2089 2180 2116 2216 C
