2200 3387
461 223 485 253 l.
517 220 581 253 lut·
608 222 765 253 (ilossvn
796 231 836 253 ιἰι
871 221 1101 260 Porphyrius.
1141 238 1146 240 -
1205 219 1253 249 lu·
1281 218 1610 250 communitatibus.
1810 213 1874 248 w?

197 320 237 352 et
267 317 494 361 nigredinis
522 319 783 355 coniunctae.
821 318 926 353 sicut
960 318 1011 353 nil
1047 316 1155 352 aliud
1195 319 1258 350 est
1295 315 1404 350 lincu
1434 316 1494 350 vel
1531 314 1778 359 superficies
1808 314 1871 349 vel

199 392 350 427 corpus
377 384 690 428 quantitativum
722 393 842 428 quam
872 382 1011 418 omnia
1039 383 1191 426 puncta
1225 380 1344 415 simul
1379 383 1564 424 accepta.
1598 380 1746 424 quibus
1782 380 1871 424 ipsa

198 451 512 493 componuntur.
559 452 600 484 et
640 449 745 485 sicut
781 458 932 493 corpus
973 446 1290 492 quantitativum
1332 445 1440 490 quod
1482 445 1755 489 compositum
1797 448 1872 480 est.

196 513 426 557 composito
471 514 634 558 corpori
675 512 936 549 substantiali
978 511 1153 548 adiacet.
1200 513 1341 556 partes
1382 512 1517 545 autem
1560 510 1649 545 eius
1691 510 1873 554 partibus

160 586 176 609 r·
199 576 313 615 illius.
348 577 403 613 ita
433 578 590 613 medius
619 578 732 613 color
765 576 1020 621 compositus
1057 575 1288 620 composito
1325 574 1488 618 corpori
1527 574 1644 609 inest.
1685 574 1873 616 singulae

145 907 175 932 lt)

146 1234 176 1258 15

144 1560 177 1584 ’.ὐ

152 2858 181 2880 ιιι

198 651 298 678 vero
321 642 534 678 albedines
559 645 600 678 et
622 642 860 687 nigredines
884 651 937 677 ex
959 640 1107 685 quibus
1130 642 1304 676 constat.
1326 639 1498 683 singulis
1522 639 1707 683 partibus
1730 638 1871 673 funda-

198 706 323 742 menti
353 706 499 741 insunt.

339 770 500 814 ,S'pere'ei
523 781 618 804 vero
640 772 675 806 (Ἰ
697 770 881 814 proprii
935 768 1278 804 Convenientiam
1304 767 1367 803 liic
1390 767 1581 811 accipere
1606 767 1768 802 videtur
1791 776 1870 801 non
1905 739 2059 830 11ξῖἔὲἑέξῇ

197 835 424 871 secundum
455 834 774 872 similitudinem.
797 835 869 870 sed
894 834 1024 879 magis
1047 833 1274 869 secundum
1300 835 1481 868 mutuam
1506 831 1873 877 praedicationem.

196 899 295 936 Cum
324 899 432 935 enim
463 900 616 936 risibile
651 900 797 936 dicitur
830 900 880 936 de
919 899 1085 935 homine
1124 898 1356 944 praedicari
1393 900 1432 934 et
1470 898 1592 933 liomo
1631 897 1681 932 dc
1720 896 1877 932 risibili.

196 965 363 1001 diversa
391 965 451 1001 eis
477 965 766 1002 attribuuntur.
806 975 885 1001 non
916 965 1033 1001 idem.
1088 964 1318 1000 Similitudo
1348 973 1449 999 vero
1490 972 1568 998 non
1599 965 1662 998 est
1698 962 1773 997 nisi
1812 972 1874 997 se-

196 1030 374 1066 cundum
405 1031 482 1066 hoc
510 1031 619 1075 quod
649 1030 754 1066 idem
785 1030 961 1067 diversis
991 1030 1054 1066 vel
1090 1029 1327 1066 attribuitur
1354 1029 1417 1064 vel
1448 1028 1643 1064 aufertur.
1699 1027 1802 1063 ,Vane
1840 1027 1876 1060 si

195 1098 262 1131 est.
317 1095 425 1132 Vere
454 1096 620 1140 speeies
649 1097 689 1131 et
725 1096 932 1141 proprium
970 1096 1020 1132 de
1058 1105 1103 1131 se
1142 1096 1282 1130 mutuo
1318 1094 1623 1139 praedicantur,
1658 1093 1753 1138 quia
1790 1093 1878 1128 ista.

197 1160 229 1195 Α
262 1159 458 1204 partibus.
517 1159 564 1195 Et
591 1160 774 1205 intellige
803 1160 1063 1205 categoricas
1086 1159 1409 1204 propositiones.
1464 1158 1638 1193 [risibile
1661 1167 1768 1197 eves-o,
1797 1157 1873 1192 hoc

199 1227 279 1261 est:
327 1225 644 1261 determinatum
685 1228 759 1262 est.
805 1225 901 1270 quia
953 1225 1181 1261 secundum
1217 1224 1462 1269 potentiam.
1512 1233 1591 1259 non
1646 1222 1877 1258 secundum

197 1292 332 1326 actum
361 1290 571 1335 accipitur.
599 1290 781 1335 alioquin
804 1290 910 1326 falsa
932 1291 1144 1326 videretur
1164 1290 1297 1325 altera
1318 1289 1558 1334 propositio.
1587 1298 1694 1333 quae
1717 1287 1879 1323 scilicet

196 1355 270 1392 ait:
316 1355 450 1391 omnis
501 1356 624 1391 homo
663 1358 725 1391 est
764 1355 930 1391 risibilis
949 1359 970 1390 ¹.
1018 1355 1278 1400 ·.›lcqemliter
1313 1355 1438 1390 enine.
1492 1354 1610 1390 Aliud
1655 1363 1872 1389 commune

199 1419 323 1464 ponit.
376 1418 442 1455 Sic
470 1419 612 1465 iunge:
644 1419 750 1455 Vere
789 1420 941 1456 liabent
979 1429 1209 1456 commune.
1247 1419 1341 1464 quia
1377 1419 1453 1454 hoc
1493 1418 1602 1463 quod
1640 1417 1872 1462 aequaliter

198 1484 452 1521 conveniunt
480 1485 541 1520 liis
573 1485 623 1520 de
652 1485 799 1529 quibus
826 1485 1130 1530 praedicantur.
1183 1484 1257 1520 Vel
1287 1486 1422 1529 potest
1450 1483 1528 1519 (lici
1557 1483 1666 1528 quod
1702 1492 1783 1518 non
1817 1483 1873 1518 in-

199 1550 373 1586 ducatur
399 1550 477 1586 hoc
505 1550 556 1586 ad
585 1550 707 1586 aliam
736 1550 1086 1587 communitatem.
1116 1550 1189 1586 sed
1219 1559 1293 1594 per
1314 1549 1446 1585 simile
1470 1549 1687 1585 inducatur
1708 1548 1758 1584 ad
1782 1558 1874 1593 pro-

199 1614 458 1660 positionem.
486 1625 534 1651 ac
557 1615 588 1650 si
606 1615 780 1651 diceret:
810 1625 891 1651 non
920 1617 984 1651 est
1012 1615 1169 1653 mirum.
1197 1615 1229 1650 si
1250 1616 1433 1650 mutuam
1455 1615 1494 1650 et
1516 1614 1732 1658 aequalem
1757 1623 1877 1658 prae-

198 1680 446 1716 dicationem
476 1680 527 1716 ad
555 1690 600 1716 se
629 1680 806 1717 invicem
835 1681 1000 1717 habent.
1029 1681 1125 1725 quia
1153 1682 1193 1716 ct
1226 1680 1445 1725 aequalem
1480 1679 1560 1715 alio
1597 1679 1717 1715 modo
1756 1688 1873 1724 prae-

198 1745 448 1782 dicationem
477 1746 527 1781 ad
557 1746 755 1782 inferiora
783 1746 947 1782 habent.

344 1811 488 1846 Differ!
524 1814 679 1847 antem.
733 1811 846 1847 Haec
886 1811 1124 1847 differentia
1163 1811 1402 1857 assignatur
1442 1811 1549 1846 inter
1586 1810 1794 1854 proprium
1832 1812 1873 1845 et
1905 1784 2047 1875 11ΓῖὶὲΒῇ

143 1889 177 1913 23
199 1876 381 1921 speciem
411 1875 526 1922 large
554 1878 781 1921 acceptam.
811 1876 906 1921 quia
933 1876 1091 1912 scilicet
1119 1876 1284 1921 species
1313 1886 1365 1912 ex
1395 1885 1444 1911 eo
1467 1875 1576 1920 quod
1604 1875 1768 1920 species
1798 1877 1872 1911 est.

198 1949 278 1975 non
308 1942 511 1985 repugnat
539 1940 591 1976 ad
619 1941 696 1976 hoc
724 1941 832 1985 quod
863 1940 1051 1976 diversas
1086 1940 1250 1985 species
1278 1939 1501 1975 contineat.
1539 1939 1611 1975 sed
1651 1939 1873 1983 proprium.

198 2005 357 2041 scilicet
383 2005 712 2050 specialissimae
741 2005 908 2050 speciei,
937 2005 1104 2041 omnino
1132 2005 1183 2041 ad
1207 2005 1284 2041 lioc
1306 2007 1510 2050 repugnat
1533 2004 1640 2048 quod
1664 2004 1877 2040 contineat

199 2070 388 2106 diversas
417 2070 593 2115 species.
647 2071 693 2106 ΕΙ
719 2071 886 2115 spec-ies.
939 2070 1070 2106 Aliam
1107 2070 1386 2106 differentiam
1417 2069 1541 2115 ponit.
1570 2069 1679 2114 quod
1717 2069 1878 2105 scilicet

198 2135 363 2181 species
391 2135 503 2180 prior
530 2137 593 2172 est
621 2136 874 2172 naturaliter.
903 2135 1113 2181 proprium
1143 2145 1243 2172 vero
1272 2135 1481 2180 posterius
1509 2137 1573 2171 cst
1600 2135 1752 2179 specie.
1781 2134 1878 2178 quia

144 2217 159 2234 ;.
199 2200 356 2237 scilicet
384 2210 451 2237 res
479 2201 637 2246 speciei
665 2202 894 2237 secundum
924 2202 1001 2237 lloc
1029 2201 1138 2245 quod
1166 2211 1190 2237 a
1219 2201 1361 2246 specie
1390 2200 1637 2236 nominatur.
1675 2200 1788 2244 prior
1815 2203 1878 2235 est

198 2266 404 2309 tamquam
441 2265 752 2301 fundamentum
782 2266 913 2301 forma
943 2265 1033 2310 ipsa
1061 2267 1231 2310 propter
1258 2274 1380 2310 quam
1419 2265 1631 2310 proprium
1669 2264 1876 2300 convenit.

200 2331 241 2364 ut
268 2329 389 2365 homo
417 2339 485 2366 res
514 2329 604 2374 ipsa
633 2331 859 2367 secundum
889 2331 966 2367 lioc
995 2331 1112 2375 quodv
1129 2331 1252 2366 homo
1282 2332 1356 2367 est.
1396 2331 1507 2375 prior
1534 2333 1595 2366 est
1632 2330 1876 2365 naturaliter

200 2394 442 2432 risibilitate.
477 2395 703 2431 secundum
742 2396 820 2431 hoc
855 2396 1014 2432 scilicet
1050 2396 1159 2441 quod
1188 2395 1404 2432 risibilitati
1441 2396 1601 2431 confert
1639 2404 1734 2431 esse
1773 2393 1879 2430 sicut

201 2459 290 2495 eius
325 2459 567 2498 subiectum.
606 2460 701 2496 licet
736 2461 1042 2506 quodammodo
1077 2461 1168 2497 sine
1204 2461 1437 2497 risibilitate
1479 2471 1559 2497 non
1601 2461 1733 2506 possit
1767 2470 1875 2496 esse.

167 2539 180 2560 ·.
202 2524 301 2560 Nam
330 2527 371 2561 et
397 2525 659 2562 rationalitas
688 2526 877 2562 rationali
905 2526 1072 2563 animali
1101 2527 1178 2564 hoc
1201 2527 1323 2563 modo
1346 2527 1459 2572 prior
1481 2536 1576 2563 esse
1597 2527 1754 2563 dicitur.
1784 2526 1879 2562 licet

203 2589 292 2625 sine
321 2598 371 2625 co
399 2599 496 2626 esse
526 2600 606 2626 non
635 2591 778 2636 possit.
832 2591 933 2627 Hinc
961 2592 1086 2628 etiam
1116 2592 1401 2628 Boethius-'2
1433 2592 1588 2629 ,Omne
1619 2592 1758 2636 inquit.
1788 2601 1877 2636 pro-

205 2652 333 2697 prium
364 2653 402 2688 in
431 2654 659 2690 accidentis
686 2664 844 2700 genere
879 2656 1122 2697 collocatur:
1163 2666 1213 2692 eo
1250 2656 1357 2692 enim
1397 2656 1534 2692 differt
1570 2656 1622 2691 ab
1660 2655 1876 2691 accidente

204 2717 312 2762 quod
347 2727 439 2753 cum
465 2719 606 2763 specie
634 2720 900 2756 convertitur.
955 2721 1114 2761 Quodsi
1149 2721 1309 2766 priores
1344 2723 1437 2757 sunt
1465 2721 1726 2756 substantiae
1754 2729 1874 2764 quam

202 2782 450 2819 accidentia.
478 2784 642 2828 species
672 2795 771 2820 vero
800 2786 1032 2821 substantia
1065 2788 1139 2825 est,
1169 2786 1377 2831 proprium
1408 2796 1509 2822 vero
1548 2786 1755 2821 accidens.
1795 2795 1874 2820 non

202 2850 266 2883 est
293 2847 469 2885 dubium.
498 2848 594 2892 quin
622 2849 735 2893 prior
761 2849 811 2886 sit
832 2850 1007 2895 species,
1037 2851 1246 2895 proprium
1269 2860 1369 2886 vero
1393 2850 1623 2895 posterius:
1679 2850 1878 2895 „implius

345 2976 389 3008 :37
419 2976 512 3007 enim
547 2976 652 3009 emm.
688 2977 814 3009 Boellt.
849 2987 980 3009 ‹ntnws
1014 2986 1102 3010 vero
1139 2978 1260 3009 νιΙὶΙυν
1382 2980 1425 3008 335·
1466 2979 1562 3017 quod
1604 2978 1708 3010 codd.
1748 2978 1875 3010 Boane.

205 3035 289 3074 quia
317 3034 447 3066 editor.

348 3104 355 3125 ¹
388 3106 537 3137 Boi-tlt.
568 3106 589 3138 Ι.
618 3117 656 3140 ιι,
686 3116 718 3146 p.
749 3105 843 3138 :3:377
935 3108 980 3143 .”-’
1009 3107 1158 3139 lloetli.
1188 3108 1208 3139 Ι.
1238 3119 1277 3143 ι’..
1308 3117 1338 3147 p.
1369 3106 1486 3139 3391:-
