2200 3387
218 688 354 723 Boeth.

195 746 230 779 p.
240 735 311 770 :370
322 735 354 770 B

381 223 448 255 271¹
788 225 892 257 l'ctcr
919 226 1121 258 Abaelurds
1152 228 1282 268 [og-im
1312 224 1635 269 ,lug1·cilicutibus·.

385 324 612 366 generatae
641 331 746 366 quac
774 331 910 366 neque
938 323 1091 358 habent
1118 323 1246 359 visum
1278 333 1413 369 noque
1441 325 1600 361 dentes.
1653 323 1734 361 Sed
1759 323 1853 359 illac
1882 332 1963 359 non
1992 322 2046 359 di·

387 386 532 420 cuntur
560 384 778 421 edentulae
807 386 871 421 vel
900 395 1064 422 caecae.
1116 387 1221 432 Ergo
1257 397 1337 423 non
1376 397 1497 424 omne
1535 388 1631 424 illud
1659 388 1766 432 quod
1804 397 1886 423 non
1923 388 2047 424 habet

381 447 537 487 dentes.
561 448 707 484 dicitur
728 450 963 485 edentulum
992 460 1067 486 1100
1090 460 1212 487 omne
1235 452 1330 487 illud.
1356 452 1463 496 quod
1486 461 1567 487 non
1590 452 1714 488 habet
1735 451 1879 490 visum,
1901 451 2048 487 dicitur

383 520 563 547 caecum.
618 513 650 547 Α
679 513 874 557 partibus.
928 513 1251 558 Propositionem
1283 517 1321 550 et
1355 514 1671 550 affirmationem
1702 514 1820 550 simul
1847 514 2047 550 habemus

382 576 420 611 in
451 577 526 612 1100
555 586 690 613 versu.
745 578 1042 620 Quaecumque
1068 579 1180 614 euse'm
1211 582 1286 615 010.
1340 581 1442 615 Sunt
1469 580 1671 624 quaedam
1707 581 1908 625 generata
1941 587 2048 624 quae
2068 588 2085 614 5

382 649 603 685 numquam
633 641 785 677 habent
813 642 945 677 visum
974 643 1038 678 vel
1066 643 1213 678 dentes
1241 643 1345 678 sicut
1373 645 1523 679 ostrea.

525 706 692 741 Pre'mre'
721 716 827 741 vero.
879 706 973 743 Tria
1000 709 1107 743 teste
1135 707 1374 743 Boethiol
1404 708 1657 753 contingunt,
1686 708 1754 744 ubi
1782 710 1846 743 est
1874 707 2048 747 habitus,

383 770 568 807 subiecta
596 771 753 807 scilicet
787 772 1019 808 substantia
1053 782 1159 817 quae
1197 773 1378 809 habitum
1416 773 1549 810 habet.
1587 774 1627 808 et
1658 773 1748 818 ipse
1783 772 1946 808 habitus
1983 771 2051 817 qui

383 835 567 871 habetur.
597 838 637 872 et
665 836 871 880 quoddam
900 846 953 872 ex
982 838 1166 882 utrisque
1189 837 1433 877 confectum,
1456 838 1564 883 quod
1588 839 1651 873 est
1679 838 1834 873 habere
1857 837 2050 878 habitum,

384 902 425 935 ut
452 900 491 935 in
521 901 685 936 1101111110
714 901 880 937 vidente
904 901 992 946 ipsa
1014 903 1078 937 est
1106 902 1283 938 hominis
1310 903 1543 938 substantia
1565 912 1671 948 quae
1694 902 1893 938 visionem
1915 901 2050 943 habet,
2072 912 2105 939 ιο

385 966 425 1000 01
451 965 542 1010 ipsa
569 965 674 1001 visio
702 966 878 1001 habetur
905 968 945 1002 01
982 966 1113 1011 ipsum
1150 967 1292 1003 videre
1329 968 1437 1012 quod
1476 967 1692 1003 conficitur
1726 976 1779 1002 ex
1816 967 1973 1002 visione
2011 967 2051 1002 et

385 1030 549 1066 1101111110
572 1030 812 1066 coniunctis.
864 1030 973 1067 Idem
997 1031 1121 1067 etiam
1150 1032 1282 1068 notari
1312 1033 1459 1077 potest.
1489 1032 1733 1076 ubicumque
1762 1031 1899 1076 aliqua
1920 1030 2052 1067 forma

385 1097 456 1130 est.
509 1094 606 1130 Nam
638 1095 704 1131 ubi
732 1095 881 1131 albedo
910 1097 974 1131 est
1000 1096 1040 1131 in
1069 1105 1257 1141 corpore,
1285 1100 1368 1132 tum
1396 1097 1526 1142 ipsum
1549 1106 1698 1142 corpus
1721 1098 1784 1133 est
1812 1096 1921 1141 quod
1941 1096 2052 1132 albe-

385 1159 519 1195 dinem
550 1160 684 1196 habet.
722 1163 803 1195 tum
839 1160 989 1196 albedo
1024 1170 1130 1205 quae
1167 1161 1353 1200 habetur.
1391 1163 1472 1197 tum
1512 1162 1642 1206 ipsum
1681 1162 1814 1197 album
1853 1161 1961 1206 quod
1999 1170 2051 1196 ex

384 1227 559 1269 utroque
593 1225 740 1260 confici
769 1225 941 1261 videtur.
995 1225 1075 1261 Sed
1112 1226 1190 1261 hoc
1227 1226 1391 1270 quidem
1427 1227 1622 1262 sustineri
1662 1236 1744 1261 non
1785 1227 1932 1271 potest.
1973 1225 2052 1261 nisi
2073 1234 2105 1259 15

385 1291 580 1333 quantum
614 1290 664 1325 ad
702 1290 912 1325 nominum
953 1290 1249 1326 diversitatem.
1303 1290 1401 1326 Nam
1439 1300 1589 1335 corpus
1625 1291 1757 1335 ipsum
1796 1291 1904 1335 quod
1941 1290 2051 1326 albe-

384 1354 521 1390 dinem
549 1355 684 1392 habet.
714 1355 879 1390 diversa
907 1364 976 1391 res
1005 1365 1086 1390 non
1116 1358 1180 1391 est
1207 1356 1258 1391 ab
1287 1365 1337 1391 00
1366 1356 1474 1400 quod
1503 1358 1567 1391 est
1593 1356 1747 1397 album;
1776 1355 1848 1391 sed
1876 1355 1972 1390 licet
1998 1355 2053 1399 ip-

384 1427 474 1453 sum
503 1428 652 1463 corpus
682 1420 839 1454 tantum
870 1419 921 1454 sit
942 1419 1091 1459 album,
1120 1429 1202 1454 non
1226 1419 1343 1455 simul
1366 1428 1516 1464 corpus
1540 1420 1580 1455 et
1599 1419 1760 1459 albedo,
1789 1420 1892 1454 haec
1915 1420 2053 1454 tamen

386 1483 463 1519 tria
483 1483 661 1523 nomina,
691 1493 853 1528 corpus,
877 1484 1038 1524 albedo,
1060 1484 1208 1524 album,
1231 1484 1424 1520 diversae
1446 1485 1541 1520 sunt
1562 1483 1875 1527 n01ninati0nis;
1903 1483 2054 1528 quippe

386 1557 535 1593 corpus
564 1557 651 1584 rem
679 1548 908 1585 subiectam
936 1548 1177 1594 simpliciter
1198 1549 1383 1585 nominat
1410 1549 1449 1584 in
1473 1549 1658 1586 essentia
1678 1548 1876 1594 corporis,
1904 1548 2052 1585 albedo
2073 1558 2110 1586 20

385 1622 487 1649 vero
514 1612 687 1649 formam
717 1613 755 1649 in
785 1614 970 1650 essentia
997 1613 1214 1655 albedinis,
1248 1614 1385 1650 album
1413 1623 1514 1650 vero
1543 1614 1773 1650 subiectum
1800 1613 1986 1650 nominat
2012 1615 2055 1650 ut

385 1676 580 1713 affectum
607 1677 811 1713 albedine.
863 1676 910 1713 Et
946 1677 1005 1713 sic
1038 1677 1130 1713 talis
1169 1677 1414 1722 significatio
1450 1687 1503 1714 ex
1541 1677 1912 1723 significationibus
1948 1678 2056 1713 utro-

386 1750 558 1786 rumque
579 1743 741 1778 constat
765 1742 1083 1786 quodammodo,
1106 1742 1201 1787 quia
1222 1742 1380 1778 scilicet
1401 1744 1441 1778 et
1462 1752 1536 1788 per
1558 1742 1881 1778 110minat10nem
1905 1751 2054 1787 corpus

389 1804 595 1850 significat
614 1807 654 1841 et
675 1805 806 1850 ipsam
829 1805 1065 1842 albedinem
1087 1805 1198 1841 circa
1218 1806 1447 1842 subiectum
1470 1806 1727 1842 determinat.
1780 1805 1895 1842 Hanc
1916 1807 2054 1841 autem

389 1869 598 1905 nominum
626 1869 910 1905 diversitatem
939 1869 1245 1905 Aristoteles
1273 1870 1351 1906 1100
1378 1870 1468 1906 1000
1497 1869 1784 1906 demonstrare
1812 1867 1986 1906 intendit
2012 1869 2053 1905 et
2071 1875 2108 1901 25

389 1934 568 1969 maxime
597 1934 703 1969 inter
729 1943 881 1970 nomen
915 1934 1073 1970 formae
1111 1936 1152 1970 et
1185 1936 1389 1979 sumptum
1417 1935 1468 1970 ab
1506 1944 1567 1973 eo.
1605 1943 1711 1980 quae
1749 1934 1881 1980 magis
1916 1933 2058 1970 affinia

390 2001 494 2034 sunt.
545 1998 645 2034 Nam
672 1999 808 2035 album
837 1999 931 2043 quia
959 1999 1242 2044 principaliter
1268 1999 1476 2045 significat
1503 1999 1749 2042 albedinem,
1782 2008 1872 2035 cum
1901 1999 2057 2035 scilicet

389 2063 639 2099 intellectum
656 2066 769 2100 recte
792 2064 987 2104 continet,
1014 2064 1147 2109 magis
1169 2064 1221 2100 ad
1237 2064 1584 2109 significationem
1606 2064 1726 2100 huius
1748 2063 1925 2100 nominis
1947 2063 2055 2108 quod

391 2130 455 2164 est
481 2129 641 2165 albedo.
670 2128 851 2173 pertinet
877 2138 999 2173 quam
1026 2129 1079 2164 ad
1112 2128 1459 2174 significationem
1494 2129 1691 2173 corporis.
1744 2128 1861 2164 Unde
1895 2129 1935 2164 et
1967 2127 2056 2164 eius

390 2193 698 2230 similitudinem
727 2203 891 2238 quoque
925 2194 966 2229 in
994 2203 1098 2229 voce
1135 2193 1328 2238 exprimit
1364 2195 1488 2238 atque
1524 2194 1618 2229 ideo
1654 2193 1787 2239 magis
1824 2192 2112 2229 differentiam)

391 2258 528 2294 danda
556 2260 645 2294 erat
671 2258 776 2294 inter
803 2267 954 2294 nomen
982 2258 1141 2294 formae
1170 2259 1211 2294 et
1237 2260 1453 2304 sumptum.
1506 2258 1624 2298 Quod
1646 2258 1810 2302 quidem
1831 2257 1938 2299 facit,
1967 2256 2059 2293 cum

393 2323 573 2359 ostendit
600 2323 767 2359 diversa
793 2323 844 2359 ab
873 2323 933 2359 eis
961 2323 1175 2359 nominari.
1224 2323 1385 2368 Quippe
1413 2323 1521 2359 aliud
1549 2323 1697 2359 dicitur
1723 2322 1916 2361 caecitas,
1953 2322 2059 2358 sicut

391 2389 482 2434 ipsa
510 2388 698 2433 qualitas.
727 2388 836 2424 aliud
864 2397 1045 2429 caecum,
1074 2388 1179 2424 sicut
1205 2388 1294 2433 ipse
1322 2388 1445 2424 homo
1474 2388 1664 2424 caecitati
1692 2388 1913 2428 subiectus,
1942 2388 1982 2423 et
2003 2386 2059 2423 ita

392 2453 451 2489 sic
476 2453 566 2498 ipse
594 2453 666 2489 ait:
695 2453 746 2489 de
774 2453 950 2489 diversis
985 2453 1140 2489 habent
1172 2453 1405 2498 praedicari
1441 2453 1622 2489 caecitas
1660 2454 1700 2488 et
1736 2461 1918 2493 caecum,
1956 2452 2059 2488 haec

394 2519 472 2554 duo
501 2518 680 2554 nomina.
708 2518 803 2554 illud
832 2518 995 2563 quidem
1030 2518 1080 2553 de
1116 2518 1325 2563 qualitate.
1359 2517 1466 2553 istud
1502 2518 1552 2553 de
1592 2527 1636 2553 re
1678 2517 1797 2562 quali,
1837 2516 1877 2553 id
1916 2518 1980 2553 est
2007 2516 2059 2553 de
2079 2523 2113 2551 35

392 2582 660 2619 fundamento
698 2582 917 2627 qualitatis.
969 2582 1086 2618 Unde
1123 2583 1163 2618 in
1200 2582 1562 2627 sequentlibus2
1599 2582 1722 2618 dicet:
1780 2581 1872 2618 ,Sed
1909 2590 2059 2618 caecus

395 2647 540 2683 dicitur
566 2648 699 2683 homo.
728 2648 909 2683 caecitas
937 2656 1037 2683 vero
1066 2657 1147 2683 non
1170 2647 1338 2683 dicitur!
1392 2647 1458 2683 Sic
1478 2647 1620 2693 iunge:
1648 2647 1801 2692 privari
1822 2648 1864 2683 et
1883 2645 2060 2691 privatio

395 2721 447 2747 ex
475 2712 737 2748 similitudine
766 2711 976 2747 nominum
1004 2712 1151 2748 eadem
1180 2721 1247 2748 res
1270 2721 1365 2748 esse
1388 2712 1589 2753 videntur,
1620 2712 1695 2748 sed
1721 2721 1805 2748 non
1827 2712 1932 2752 sunt,
1954 2711 2059 2747 sicut

394 2786 472 2813 nec
499 2777 619 2813 haec:
656 2777 810 2813 habere
838 2777 1019 2813 habitum
1057 2779 1096 2812 et
1133 2777 1308 2814 habitus.
1346 2777 1442 2822 quia
1469 2777 1623 2822 privari
1659 2776 1806 2813 dicitur
1840 2776 1932 2821 ipsa
1966 2776 2059 2812 sub·

395 2843 547 2880 stantia
573 2842 745 2887 privata,
774 2842 813 2878 id
841 2843 903 2878 est
936 2841 1211 2887 privationem
1240 2842 1409 2882 habens,
1445 2842 1550 2878 sicut
1576 2842 1731 2878 habere
1759 2841 1938 2877 habitum
1968 2840 2060 2886 ipsa
2078 2852 2114 2878 40

540 2964 579 2995 13
608 2961 696 3002 tum]
724 2964 807 2995 tunc
833 2963 860 2995 A
988 2964 1027 2994 14
1057 2961 1165 3002 1011121
1193 2972 1272 2995 cum
1300 2963 1327 2994 A
1406 2961 1517 3003 quod]
1546 2971 1616 3003 que
1643 2962 1672 2994 A
1797 2963 1837 2994 15
1872 2959 2059 3000 sustineri]

396 3022 462 3054 teri
490 3022 518 3053 A
618 3022 660 3053 32³,
689 3021 852 3054 subiecto
880 3021 907 3052 A
1009 3022 1050 3052 34
1079 3021 1132 3053 si(=
1160 3021 1187 3052 A
1289 3022 1331 3053 35
1361 3018 1520 3061 quidem]
1549 3020 1645 3060 quod
1672 3022 1728 3052 est
1754 3020 1783 3051 A

541 3092 549 3112 ¹
580 3091 728 3124 ssoeth.
758 3091 779 3123 I.
809 3101 846 3128 (κ,
876 3100 909 3131 p.
939 3091 1006 3123 270
1023 3091 1059 3123 C.
1182 3091 1195 3112 '-'
1222 3091 1370 3123 Boeth.
1401 3092 1422 3123 l.
1450 3100 1489 3127 0.,
1519 3100 1551 3131 p.
1580 3090 1702 3122 271A.
