2200 3387
301 214 344 247 16
715 216 821 247 Peter
848 216 1053 248 Alutelards
1081 216 1217 256 Logica
1243 216 1567 257 ,ingredientibus‘.

298 311 386 347 Non
415 312 522 347 enim
551 312 631 347 alio
660 312 782 348 modo
810 322 834 347 a
863 321 908 348 se
937 312 1027 357 ipso
1056 313 1349 358 grammaticus
1378 315 1442 349 est
1468 314 1535 349 vel
1567 314 1648 349 alio
1681 314 1803 350 modo
1831 314 1960 356 albus,

298 376 403 411 sicut
431 385 507 411 nec
535 376 643 412 aliud
671 376 789 412 albus
817 379 881 412 est
917 386 941 412 a
977 387 1022 412 se
1059 377 1126 413 vel
1154 377 1263 413 aliud
1300 378 1605 423 grammaticus.
1661 378 1761 415 Illud
1797 388 1961 424 quoque

301 441 410 484 quod
450 441 589 476 dicunt
625 439 838 477 Socratem
877 451 967 477 cum
1013 442 1182 478 Platone
1227 442 1452 478 convenire
1489 442 1529 478 in
1568 443 1746 484 homine,
1788 443 1964 488 qualiter

297 505 429 549 accipi
450 508 597 549 potest,
620 515 710 541 cum
734 515 879 542 omnes
900 506 1089 542 homines
1112 507 1162 542 ab
1184 507 1361 543 invicem
1388 509 1472 543 tam
1494 508 1667 543 materia
1689 517 1811 553 quam
1831 508 1965 544 forma

299 569 466 605 differre
494 573 657 606 constat
669 570 688 606 ἱ)
729 570 770 606 Si
797 571 906 607 enim
935 571 1129 607 Socrates
1157 572 1197 607 in
1225 581 1269 608 re
1298 581 1405 616 quae
1432 572 1555 608 homo
1584 574 1647 608 est
1674 582 1766 608 cum
1792 572 1963 609 Platone

298 635 530 672 conveniat.
572 635 683 682 nulla
721 639 859 672 autem
899 646 967 672 res
1006 636 1130 672 homo
1170 637 1222 672 sit
1261 637 1339 672 nisi
1378 637 1468 682 ipse
1509 636 1704 673 Socrates
1742 638 1808 674 vel
1847 638 1964 680 alius,

299 702 462 744 oportet
489 700 622 745 ipsum
643 710 734 736 cum
755 700 926 737 Platone
947 701 1014 737 vel
1036 701 1076 737 in
1104 711 1150 737 se
1178 701 1268 746 ipso
1296 702 1522 738 convenire
1550 702 1617 738 vel
1636 702 1677 738 in
1706 702 1798 738 alio.
1848 702 1891 739 In
1918 712 1964 739 se

298 766 436 800 autem
459 765 594 809 potius
617 765 808 801 diversus
830 768 893 801 est
914 766 965 801 ab
988 775 1056 809 eo;
1085 766 1135 802 de
1157 766 1237 802 alio
1263 776 1427 811 quoque
1454 768 1628 808 constat,
1657 767 1752 812 quia
1767 776 1848 803 -nec
1875 767 1964 812 ipse

300 832 364 865 est
392 829 508 865 alius.
560 829 663 866 Sunt
689 832 827 867 autem
856 831 924 875 qui
961 831 1013 872 ‚in
1046 831 1213 867 homine
1248 832 1485 868 convenire‘
1519 832 1715 878 negative
1748 831 1965 877 accipiunt,

299 904 348 929 ac
378 894 412 930 si
440 894 667 931 diceretur:
714 895 802 931 Non
840 895 978 932 differt
1015 895 1210 932 Socrates
1238 906 1263 932 a
1288 896 1459 932 Platone
1487 897 1527 932 in
1567 897 1746 933 homine.
1806 896 1887 934 Sed
1924 899 1965 934 et

303 960 363 995 sic
391 969 558 1004 quoque
586 962 727 1005 potest
754 960 844 1001 dici,
874 961 969 1005 quia
996 970 1074 996 nec
1101 961 1237 997 differt
1265 961 1316 997 ab
1344 971 1394 997 eo
1429 961 1469 998 in
1506 962 1654 1007 lapide,
1692 972 1783 998 cum
1816 964 1966 998 neuter

299 1024 350 1059 sit
378 1024 493 1069 lapis.
545 1024 591 1060 Et
627 1016 693 1061 sic*
720 1035 801 1061 non
840 1025 972 1061 maior
1008 1035 1150 1061 eorum
1189 1026 1483 1062 convenientia
1518 1029 1684 1062 notatur
1722 1027 1762 1063 in
1799 1027 1965 1064 homine

299 1098 422 1133 quam
449 1089 488 1124 in
517 1089 664 1134 lapide,
694 1090 772 1125 nisi
798 1089 904 1125 forte
932 1090 1161 1135 propositio
1184 1092 1389 1135 quaedam
1411 1092 1647 1136 praecedat,
1676 1102 1725 1128 ac
1752 1092 1788 1128 si
1808 1092 1967 1129 dicatur

300 1154 376 1189 ita:
423 1153 524 1190 Sunt
556 1154 691 1193 homo.
725 1155 834 1199 quod
867 1155 907 1190 in
941 1155 1107 1191 homine
1141 1165 1222 1191 non
1261 1156 1465 1192 differunt.
1524 1156 1606 1192 Sed
1643 1167 1721 1193 nec
1757 1157 1817 1193 sic
1853 1159 1965 1194 stare

298 1221 446 1264 potest.
475 1229 566 1255 cum
595 1219 763 1256 omnino
790 1219 939 1255 falsum
963 1219 1016 1256 sit
1049 1230 1122 1256 eos
1156 1230 1239 1256 non
1273 1220 1441 1257 differre
1470 1221 1510 1256 in
1547 1221 1726 1258 homine.
1778 1221 1820 1258 Si
1856 1223 1965 1258 enim

299 1283 494 1320 Socrates
531 1294 555 1320 a
586 1284 757 1320 Platone
791 1294 873 1320 non
908 1284 1045 1321 differt
1071 1285 1111 1321 in
1139 1295 1184 1321 re
1213 1295 1319 1330 quae
1348 1286 1470 1321 homo
1494 1288 1568 1326 est,
1603 1296 1682 1323 nec
1716 1287 1756 1323 in
1787 1297 1833 1323 se
1859 1287 1962 1333 ipso,

300 1348 341 1385 Si
368 1350 476 1385 enim
504 1350 543 1385 in
579 1359 625 1385 se
663 1349 799 1386 differt
832 1350 885 1385 ab
923 1359 985 1391 eo,
1012 1350 1102 1395 ipse
1131 1352 1270 1386 autem
1297 1351 1349 1386 sit
1375 1360 1443 1387 res
1471 1361 1578 1396 quae
1606 1352 1730 1388 homo
1771 1354 1846 1394 est,
1876 1362 1967 1398 pro-

298 1414 407 1450 fecto
436 1416 476 1451 et
502 1415 542 1450 in
570 1424 614 1450 re
642 1424 749 1459 quae
778 1415 902 1450 homo
931 1417 1004 1455 est,
1033 1415 1170 1451 differt
1196 1416 1247 1451 ab
1276 1416 1377 1461 ipso.

440 1479 555 1515 Nunc
588 1481 726 1516 autem
755 1480 937 1516 ostensis
974 1480 1204 1516 rationibus
1245 1481 1391 1525 quibus
1437 1491 1574 1526 neque
1618 1491 1686 1518 res
1730 1482 1967 1528 singillatim

298 1553 434 1588 neque
463 1544 664 1580 collectim
691 1547 891 1590 acceptae
912 1545 1173 1581 universales
1197 1546 1275 1581 dici
1290 1548 1466 1590 possunt
1493 1547 1533 1582 in
1555 1556 1605 1582 eo
1629 1547 1738 1592 quod
1767 1548 1817 1584 de
1844 1547 1966 1593 pluri·
1987 1556 2002 1581 2

299 1610 375 1644 bus
403 1609 706 1653 praedicantur,
741 1611 906 1645 restat
942 1611 990 1646 ut
1029 1610 1312 1646 huiusmodi
1348 1611 1804 1648 universalitatem
1841 1612 1966 1648 solis

299 1674 510 1710 vocibus
532 1674 891 1710 adscribamus.
921 1674 1032 1711 Sicut
1054 1675 1178 1721 igitur
1198 1676 1409 1711 nominum
1432 1677 1638 1721 quaedam
1664 1677 1917 1722 appellativa
1942 1687 1967 1713 a

299 1739 591 1784 grammaticis.
626 1740 831 1784 quaedam
864 1740 1034 1785 propria
1068 1740 1267 1781 dicuntur,
1305 1740 1361 1776 ita
1394 1750 1419 1776 a
1455 1741 1681 1777 dialecticis
1721 1741 1965 1787 simplicium

300 1813 577 1839 sermonum
600 1804 765 1849 quidam
781 1805 1121 1845 universales,
1138 1806 1302 1850 quidam
1319 1806 1676 1850 particulares,
1692 1807 1849 1843 scilicet
1871 1807 1968 1843 sin-

299 1869 520 1914 gulares,
543 1870 814 1914 appellantur.
847 1869 918 1905 Est
940 1872 1077 1906 autem
1097 1870 1388 1906 universale
1409 1871 1656 1907 vocabulum
1679 1872 1787 1916 quod
1812 1872 1862 1908 de
1883 1872 1967 1917 plu-

298 1934 412 1969 ribus
440 1934 676 1979 singillatim
697 1935 832 1970 habile
860 1936 923 1970 est
945 1944 998 1971 ex
1018 1935 1260 1971 inventione
1288 1945 1364 1971 sua
1385 1936 1628 1980 praedicari,
1656 1938 1699 1972 ut
1716 1937 1795 1972 hoc
1815 1946 1967 1972 nomen

300 1998 457 2045 ‚homo‘,
478 1999 587 2043 quod
611 1999 928 2044 particularibus
944 2000 1179 2036 nominibus
1201 2000 1411 2036 hominum
1432 2001 1710 2046 coniungibile
1736 2003 1800 2037 est
1823 2011 1968 2037 secun-

301 2063 394 2100 dum
411 2064 690 2100 subiectarum
706 2074 844 2100 rerum
858 2067 1048 2101 naturam
1065 2060 1217 2110 quibus*
1230 2067 1293 2101 est
1307 2065 1554 2110 impositum.
1583 2065 1849 2112 Singulare
1864 2075 1966 2102 vero

301 2131 365 2164 est
392 2129 501 2174 quod
528 2129 578 2165 de
606 2139 688 2165 uno
717 2130 806 2165 solo
827 2130 1106 2175 praedicabile
1135 2132 1209 2169 est,
1237 2133 1280 2166 ut
1307 2129 1513 2171 Socrates,
1542 2140 1633 2166 cum
1661 2131 1781 2167 unius
1808 2132 1967 2167 tantum

301 2203 452 2230 nomen
476 2195 685 2239 accipitur.
727 2194 767 2230 Si
789 2195 897 2230 enim
920 2195 1150 2240 aequivoce
1173 2204 1325 2236 sumas,
1353 2205 1435 2231 non
1457 2196 1716 2237 vocabulum,
1744 2196 1818 2232 sed
1840 2197 1966 2233 multa

301 2260 506 2295 vocabula
526 2260 567 2295 in
589 2260 894 2305 significatione
916 2260 1030 2300 facis.
1053 2260 1149 2306 quia
1170 2260 1328 2296 scilicet
1348 2260 1464 2297 iuxta
1482 2260 1814 2297 Priscianum1
1841 2262 1969 2298 multa

300 2324 469 2360 nomina
490 2325 530 2360 in
552 2334 674 2361 unam
691 2334 835 2361 vocem
858 2325 1054 2361 incidunt.
1100 2325 1200 2361 Cum
1222 2335 1321 2372 ergo
1345 2326 1590 2362 describitur
1610 2326 1847 2362 universale
1871 2336 1968 2363 esse

302 2389 411 2433 quod
451 2389 502 2425 de
542 2390 726 2434 pluribus
767 2390 1041 2435 praedicatur,
1081 2390 1178 2426 illud
1219 2391 1349 2435 ,quod
1390 2391 1673 2436 praepositum
1716 2401 1800 2427 non
1835 2391 1968 2427 solum

302 2453 605 2498 simplicitatem
645 2454 850 2489 sermonis
889 2454 1077 2490 insinuat
1098 2454 1150 2490 ad
1198 2454 1493 2490 discretionem
1536 2455 1779 2496 orationum,
1823 2464 1967 2491 verum

303 2518 428 2553 etiam
457 2518 656 2554 unitatem
684 2518 1002 2564 significationis
1030 2519 1083 2555 ad
1111 2519 1405 2555 discretionem
1434 2520 1770 2564 aequivocorum.

445 2582 627 2619 Ostenso
663 2586 813 2623 autem,
848 2584 943 2628 quid
984 2584 1025 2619 in
1071 2584 1313 2620 definitione
1353 2584 1601 2620 universalis
1642 2586 1838 2630 operetur
1872 2585 1968 2622 illud

303 2647 434 2691 ,quod‘
451 2647 548 2693 [est]
565 2648 954 2693 praemissum‚duo
979 2648 1061 2684 alia
1076 2658 1182 2693 quae
1205 2650 1444 2694 sequuntur,
1467 2649 1624 2685 scilicet
1647 2650 1965 2694 ,praedicari‘

303 2714 343 2748 et
371 2713 421 2748 de
450 2713 725 2757 ‚pluribus‘‚
753 2713 972 2758 diligenter
998 2713 1323 2749 consideremus.

443 2777 513 2813 Est
533 2779 671 2813 autem
693 2777 925 2822 praedicari
947 2778 1223 2824 coniungibile
1246 2788 1342 2814 esse
1366 2778 1486 2815 alicui
1501 2780 1710 2815 veraciter
1724 2779 1765 2815 vi
1781 2779 1968 2816 enuntia-

1983 578 1999 602 5

1988 900 2020 926 10

1988 1230 2020 1255 15

1986 1879 2021 1905 25

1986 2202 2021 2228 30

1987 2528 2022 2555 35

302 2836 425 2872 tionis
447 2836 564 2872 verbi
585 2837 833 2872 substantivi
853 2837 1101 2881 praesentis,
1129 2839 1171 2873 ut
1193 2837 1337 2878 ‚homo‘
1361 2837 1538 2874 diversis
1566 2848 1641 2883 per
1659 2839 1962 2875 substantivum
1982 2845 2018 2871 40

448 2950 488 2981 13
517 2950 650 2990 positio
670 2949 700 2982 A
799 2950 842 2982 35
870 2950 1142 2991 significatione
1162 2950 1191 2982 A
1291 2950 1333 2983 39
1362 2951 1396 2982 vi
1418 2951 1444 2983 L
1470 2952 1503 2983 in
1526 2951 1554 2983 A

445 3024 457 3046 ¹
485 3025 636 3065 Prisc„
677 3027 767 3058 Insc.
805 3035 968 3066 yramm.
1008 3027 1063 3059 ed.
1097 3026 1231 3059 Hertz
1264 3026 1286 3065 Ι,
1328 3036 1361 3067 p.
1392 3026 1517 3060 145‘2‘2:
1559 3053 1566 3060 .
1595 3053 1601 3060 .
1630 3054 1636 3060 .
1665 3027 1754 3060 Cum
1784 3027 1820 3060 in
1859 3036 1968 3060 unam

303 3084 498 3116 concidant
523 3093 653 3117 vocem
681 3086 864 3117 nominum
892 3086 1096 3125 positiones
1124 3087 1195 3117 tam
1223 3086 1257 3118 in
1286 3087 1445 3126 propriis
1475 3095 1582 3126 quam
1609 3087 1644 3118 in
1673 3087 1918 3127 appellativis.
