2200 3387
299 277 362 310 112
705 279 807 310 Potor
836 280 1038 311 Abaelards
1069 280 1200 319 Logica
1228 280 1550 320 ,lugi-odientibus&

296 377 437 411 decom
474 376 704 411 nominibus
739 376 957 420 aperiret1.
1011 377 1120 412 Haec
1154 379 1289 412 autem
1325 380 1419 412 sunt
1452 377 1595 412 decem
1623 377 1951 421 generalissima.

294 442 446 477 scilicet
471 441 712 477 substantia.
735 442 922 485 qualitas.
946 442 1154 485 quantitas
1177 444 1265 477 etc..
1288 450 1394 485 quae
1417 442 1755 486 praedicamenta
1776 442 1955 486 appellat

295 517 355 541 eo.
386 511 425 541 ut
453 507 509 542 ait
538 506 814 541 Boethius-¹.
844 506 951 550 quod
981 506 1030 541 de
1059 506 1208 542 ceteris
1238 509 1316 541 tam
1346 506 1568 550 generibus
1591 516 1711 550 quam
1735 505 1954 550 speciebus

296 571 596 615 praedicentur.

438 636 546 671 llaec
574 639 710 671 autc-n]
741 636 882 671 deceni
914 637 1079 671 nomina
1107 636 1378 672 Boetliius³
1411 636 1678 671 intentionem
1715 636 1833 671 huius
1867 637 1955 672 libri
1975 647 1991 671 5

295 701 487 745 aperiens
511 701 662 745 primas
685 701 864 745 appellat
887 711 1013 736 voces
1036 701 1167 745 prima
1189 711 1323 736 rerum
1347 711 1504 746 genera
1521 700 1818 745 significantes.
1840 702 1954 737 cuius

294 766 455 810 quiden]
497 766 735 801 intentionis
774 775 898 810 supra
935 768 1160 801 annotatae
1199 766 1360 810 singula
1397 766 1524 801 verba
1563 766 1781 811 diligenter
1817 775 1955 811 prose-

294 840 476 874 quamur.
536 830 652 870 Quod
690 831 810 874 igitur
845 831 947 866 baec
986 831 1128 866 decem
1167 831 1334 866 nomina
1371 830 1555 875 primas
1592 840 1742 866 voces
1779 831 1954 868 vocavit.

296 896 429 930 multis
465 896 515 931 de
554 896 691 931 causis
731 896 860 940 accipi
899 898 1045 940 potest.
1106 896 1280 931 Possunt
1318 905 1494 939 namque
1529 895 1685 940 primae
1720 895 1797 931 dici
1832 896 1870 931 in
1905 905 1954 931 eo

294 961 400 1005 quod
431 961 480 996 de
509 961 567 996 eis
595 961 658 996 hic
688 961 910 996 intenditur
936 961 1203 996 secundum
1239 961 1438 1005 primam
1474 961 1721 996 nominum
1757 960 1954 1005 imposi-

294 1026 494 1060 tionem.
530 1035 634 1069 quae
669 1026 794 1060 rebus
827 1026 937 1060 facta
972 1027 1046 1060 est.
1099 1025 1166 1060 Est
1199 1035 1377 1069 namque
1411 1025 1593 1070 duplex
1627 1035 1773 1061 vocum
1808 1026 1955 1070 impo-

294 1091 428 1126 sitio.
471 1100 561 1126 una
601 1091 765 1135 quidem
804 1100 910 1135 quae
949 1091 1079 1135 prima
1117 1093 1178 1126 est
1215 1091 1468 1128 naturaliter,
1509 1091 1673 1135 quando
1710 1090 1865 1126 scilicet
1904 1091 1954 1126 ad

294 1155 638 1199 significationem
669 1166 803 1191 rerum
829 1165 955 1191 voces
979 1156 1191 1191 institutae
1213 1156 1388 1192 fuerunt.
1417 1158 1459 1191 ut
1480 1155 1673 1191 videlicet
1694 1156 1798 1191 haec
1819 1165 1953 1191 rerum

295 1223 514 1256 vocaretur
535 1221 668 1256 homo.
698 1221 764 1256 illa
787 1230 929 1265 equus.
977 1220 1045 1256 Est
1066 1222 1201 1256 autem
1226 1221 1323 1256 alia
1346 1220 1551 1265 impositio
1574 1221 1767 1259 secunda,
1790 1221 1953 1265 quando

295 1285 487 1321 videlicet
515 1295 642 1321 voces
669 1286 748 1321 iam
777 1285 815 1321 in
845 1295 979 1321 rerum
1010 1285 1338 1330 designationem
1368 1285 1564 1320 inventae
1591 1285 1680 1320 aliis
1713 1285 1858 1321 iterum
1886 1295 1955 1321 no-

296 1350 470 1385 minibus
499 1353 593 1386 sunt
621 1351 866 1395 appellatae.
895 1351 1021 1385 veluti
1043 1360 1134 1386 cum
1163 1350 1251 1385 h‘ae
1281 1350 1457 1388 nomina,
1486 1350 1601 1385 illae
1629 1350 1758 1385 verba
1778 1351 1953 1386 vocatae

293 1418 397 1451 sunt.
451 1415 520 1451 Est
557 1416 694 1459 itaque
732 1416 863 1460 prima
900 1425 1046 1451 vocum
1084 1415 1302 1460 impositio.
1340 1415 1565 1451 secundum
1603 1424 1724 1459 quam
1761 1415 1877 1459 ipsae
1913 1415 1952 1450 in

295 1480 584 1523 designatione
614 1489 749 1515 rerum
777 1482 871 1515 sunt
898 1480 1105 1517 inventae.
1135 1480 1318 1515 secunda
1345 1489 1445 1515 vero
1473 1479 1679 1524 impositio
1708 1481 1781 1517 est,
1809 1489 1955 1515 secun-

294 1544 386 1579 dum
423 1553 543 1588 quam
580 1544 696 1588 ipsae
732 1553 858 1579 voces
891 1544 1004 1579 aliis
1040 1544 1272 1579 nominibus
1300 1545 1394 1578 sunt
1421 1543 1664 1587 appellatae.
1715 1543 1789 1578 Hic
1816 1545 1953 1579 autem

294 1607 343 1642 de
373 1607 543 1642 vocibus
579 1607 805 1643 secundum
834 1608 1004 1652 primam
1033 1607 1338 1652 impositionem
1375 1616 1481 1651 quae
1510 1607 1633 1642 rebus
1658 1607 1768 1642 facta
1795 1608 1870 1647 est,
1897 1606 1954 1642 in-

292 1672 482 1708 tenditur.
518 1672 624 1716 quod
660 1673 763 1707 llaec
798 1672 989 1707 videlicet
1025 1672 1309 1708 substantiam.
1348 1671 1432 1707 illa
1465 1671 1702 1716 qualitatem
1736 1671 1952 1716 significat,

293 1737 469 1781 ideoque
513 1737 659 1772 dictum
700 1739 763 1772 est
799 1737 954 1772 intendi
992 1737 1042 1772 de
1079 1737 1249 1772 vocibus
1288 1737 1438 1781 primis.
1478 1737 1556 1771 hoc
1593 1738 1657 1772 est
1693 1736 1743 1771 de
1781 1736 1952 1772 vocibus

293 1800 519 1835 secundum
548 1801 720 1845 primam
750 1810 893 1836 earum
920 1801 1236 1845 impositionem.
1290 1800 1389 1835 Nam
1418 1800 1493 1835 etsi
1521 1800 1754 1835 substantia
1781 1801 1821 1835 et
1857 1809 1953 1844 qua-

293 1865 384 1899 litas
422 1865 725 1909 quodammodo
764 1865 845 1900 sint
882 1865 1049 1900 nomina
1082 1874 1241 1901 vocum.
1278 1874 1359 1899 non
1397 1864 1436 1899 in
1470 1874 1521 1899 ea
1552 1863 1953 1909 significatione2hic

292 1932 529 1965 tractantur.
582 1930 623 1964 ln
651 1929 757 1965 Peri
787 1929 1036 1965 ermenias
1064 1938 1164 1964 vero
1193 1938 1283 1964 cum
1313 1929 1363 1964 de
1391 1928 1643 1973 simplicibus
1677 1937 1841 1973 quoque
1869 1937 1952 1964 ser·

294 1994 482 2029 monibus
511 1994 615 2030 sicut
641 1995 706 2030 hic
730 1996 887 2039 agatur.
916 1994 955 2029 in
982 2004 1032 2029 ea
1053 1994 1188 2038 potius
1211 1994 1262 2029 de
1285 1993 1345 2029 eis
1367 1995 1576 2031 tractatur.
1605 1993 1713 2037 quod
1735 2002 1759 2028 a
1780 1993 1950 2028 vocibus

292 2059 380 2094 aliis
407 2059 702 2104 significantur.
738 2059 845 2103 quod
880 2058 1073 2093 videlicet
1106 2058 1272 2093 nomina
1306 2058 1370 2093 vel
1398 2058 1526 2092 verba
1553 2057 1751 2097 dicuntur,
1786 2057 1869 2094 hoc
1890 2058 1952 2092 est

292 2124 516 2159 secundum
546 2123 850 2168 impositionem
880 2123 1115 2158 secundam.
1146 2132 1226 2158 non
1255 2122 1482 2158 secundum
1510 2122 1693 2166 primam.

434 2189 607 2224 Possunt
635 2189 759 2224 etiam
787 2189 826 2224 in
853 2198 901 2224 eo
925 2189 1080 2233 primae
1104 2197 1229 2223 voces
1251 2187 1392 2232 accipi,
1421 2187 1529 2231 quod
1551 2187 1591 2222 in
1613 2196 1664 2223 ea
1692 2187 1951 2232 significa-

291 2254 425 2289 tione
459 2255 686 2289 tractantur
718 2253 783 2289 hic
818 2263 923 2298 quae
951 2253 1063 2298 prior
1091 2255 1154 2288 est
1180 2252 1433 2289 naturaliter.
1470 2262 1561 2288 cum
1589 2252 1782 2288 videlicet
1809 2261 1949 2288 earum

291 2318 550 2362 significatio.
576 2327 681 2363 quae
710 2319 760 2354 de
789 2319 912 2354 rebus
940 2320 1012 2355 est.
1041 2318 1234 2362 aperitur.
1286 2317 1384 2353 Cum
1414 2317 1521 2353 enim
1552 2326 1678 2352 voces
1707 2317 1950 2361 duplicem

291 2383 472 2419 habeant
509 2383 959 2427 significationem.
998 2383 1047 2418 de
1082 2383 1231 2418 rebus
1260 2383 1416 2418 scilicet
1443 2383 1483 2417 et
1511 2382 1560 2417 de
1588 2381 1950 2421 intellectibus,

291 2457 356 2482 res
386 2447 661 2483 intellectibus
690 2448 933 2483 naturaliter
960 2448 1120 2492 priores
1149 2449 1259 2489 sunt;
1296 2447 1408 2491 prius
1437 2447 1542 2482 enim
1571 2446 1610 2481 in
1638 2456 1774 2482 rerum
1802 2447 1950 2482 natura

291 2515 452 2557 oportet
480 2515 682 2550 constare.
718 2513 825 2557 quod
855 2512 986 2557 possit
1013 2513 1245 2548 intellectus
1273 2512 1504 2556 concipere.
1543 2512 1583 2547 et
1610 2511 1677 2555 qui
1705 2511 1949 2546 vocabulum

290 2578 457 2612 invenit.
479 2578 591 2622 prius
609 2578 666 2613 rei
684 2580 871 2613 naturam
894 2577 1185 2617 consideravit,
1208 2577 1260 2612 ad
1276 2586 1394 2621 quam
1414 2577 1776 2612 demonstrandam
1800 2584 1949 2611 nomen

290 2642 493 2686 imposuit.
546 2642 778 2677 Intellectus
807 2642 956 2686 itaque.
985 2642 1053 2686 qui
1082 2641 1141 2677 rei
1170 2643 1358 2676 naturam
1380 2640 1497 2685 sequi
1519 2641 1680 2678 debent.
1709 2640 1951 2676 naturaliter

290 2706 543 2751 posteriores
573 2709 677 2742 sunt.
706 2717 772 2741 res
802 2716 901 2741 vero
929 2706 1099 2751 priores.
1153 2705 1359 2746 Quantum
1388 2708 1524 2741 tamen
1555 2705 1606 2741 ad
1633 2714 1802 2741 causam
1823 2704 1950 2749 impo—

290 2771 450 2806 sitionis
494 2772 669 2807 nominis
711 2772 841 2816 prima
886 2773 926 2806 et
962 2771 1198 2815 principalis
1236 2770 1482 2816 significatio
1522 2770 1752 2806 intellectus
1793 2769 1948 2809 dicitur,

290 2837 385 2879 quia
413 2836 567 2872 scilicet
596 2836 687 2871 ideo
717 2838 871 2871 tantum
902 2836 1147 2871 vocabulum
1177 2835 1235 2870 rei
1257 2836 1392 2871 datum
1419 2837 1492 2871 est.
1522 2837 1563 2870 ut
1583 2835 1833 2870 intellectum
1855 2843 1949 2870 con-

1978 970 2009 994 lu

1978 1293 2008 1317 15

1973 1621 2008 1645 ‘20

1972 1938 2006 1963 ‘25

1971 2262 2005 2286 30

1972 2592 2003 2616 35

290 2901 440 2936 stituat.
495 2901 572 2935 Sed
608 2910 697 2936 cum
732 2901 783 2936 sit
817 2901 855 2935 in
890 2910 1019 2936 causa
1052 2899 1326 2945 impositionis
1364 2899 1571 2934 nominum
1610 2898 1856 2943 significatio
1892 2899 1948 2933 in·
1967 2915 2001 2938 40

289 2965 634 3008 tellectusprior.
672 2965 760 3009 ipse
797 2968 934 3000 tamen
973 2965 1204 3000 intellectus
1241 2964 1279 2999 in
1308 2966 1456 2999 natura
1483 2973 1583 2999 suae
1612 2963 1870 2999 substantiae
1903 2972 1946 2999 re

432 3084 437 3103 ¹
469 3087 616 3117 Boetb.
646 3086 666 3117 Ι.
695 3095 733 3121 c..
763 3096 795 3125 p.
828 3087 884 3117 161
908 3086 943 3117 B.
1065 3086 1078 3106 ·-’
1106 3086 1257 3117 Boeth.
1287 3086 1307 3117 I.
1336 3094 1375 3121 (κ,
1402 3095 1435 3125 p.
1467 3085 1587 3116 161Α.

429 3144 443 3163 ³²
471 3145 616 3176 Boeth.
646 3145 667 3176 I.
695 3154 721 3176 r.
