<?xml version="1.0" encoding="UTF-8"?>
<!DOCTYPE html PUBLIC "-//W3C//DTD XHTML 1.0 Transitional//EN"
    "http://www.w3.org/TR/xhtml1/DTD/xhtml1-transitional.dtd">
<html xmlns="http://www.w3.org/1999/xhtml" xml:lang="en" lang="en">
 <head>
  <title>
</title>
<meta http-equiv="Content-Type" content="text/html;charset=utf-8" />
  <meta name='ocr-system' content='tesseract 3.04.00' />
  <meta name='ocr-capabilities' content='ocr_page ocr_carea ocr_par ocr_line ocrx_word'/>
</head>
<body>
  <div class='ocr_page' id='page_1' title='image "./philosophischesc01abeluoft_0254.png"; bbox 0 0 2200 3387; ppageno 0'>
   <div class='ocr_carea' id='block_1_1' title="bbox 125 1124 288 1215">
    <p class='ocr_par' dir='ltr' id='par_1_1' title="bbox 125 1124 288 1215">
     <span class='ocr_line' id='line_1_1' title="bbox 154 1124 287 1159; baseline 0 0"><span class='ocrx_word' id='word_1_1' title='bbox 154 1124 287 1159; x_wconf 80' lang='lat' dir='ltr'>Boetli.</span> 
     </span>
     <span class='ocr_line' id='line_1_2' title="bbox 125 1171 288 1215; baseline 0.006 -11"><span class='ocrx_word' id='word_1_2' title='bbox 125 1183 158 1215; x_wconf 81' lang='lat' dir='ltr'>p.</span> <span class='ocrx_word' id='word_1_3' title='bbox 172 1172 243 1206; x_wconf 71' lang='lat'>246</span> <span class='ocrx_word' id='word_1_4' title='bbox 259 1171 288 1205; x_wconf 90' lang='lat' dir='ltr'>B</span> 
     </span>
    </p>
   </div>
   <div class='ocr_carea' id='block_1_2' title="bbox 308 205 1563 248">
    <p class='ocr_par' dir='ltr' id='par_1_2' title="bbox 308 205 1563 248">
     <span class='ocr_line' id='line_1_3' title="bbox 308 205 1563 248; baseline -0.002 -8"><span class='ocrx_word' id='word_1_5' title='bbox 308 206 375 241; x_wconf 76' lang='lat'>232</span> <span class='ocrx_word' id='word_1_6' title='bbox 717 208 823 240; x_wconf 80' lang='lat' dir='ltr'>Peter</span> <span class='ocrx_word' id='word_1_7' title='bbox 850 207 1052 240; x_wconf 78' lang='lat' dir='ltr'>Abaelards</span> <span class='ocrx_word' id='word_1_8' title='bbox 1080 207 1214 248; x_wconf 81' lang='lat' dir='ltr'>Logica</span> <span class='ocrx_word' id='word_1_9' title='bbox 1241 205 1563 248; x_wconf 82' lang='lat' dir='ltr'>,ingredientibus‘.</span> 
     </span>
    </p>
   </div>
   <div class='ocr_carea' id='block_1_3' title="bbox 309 302 2054 2930">
    <p class='ocr_par' dir='ltr' id='par_1_3' title="bbox 309 302 2029 1123">
     <span class='ocr_line' id='line_1_4' title="bbox 309 302 1971 349; baseline -0.001 -9"><span class='ocrx_word' id='word_1_10' title='bbox 309 313 488 349; x_wconf 87' lang='lat' dir='ltr'>sequens</span> <span class='ocrx_word' id='word_1_11' title='bbox 517 305 635 340; x_wconf 86' lang='lat' dir='ltr'>litera</span> <span class='ocrx_word' id='word_1_12' title='bbox 661 303 763 339; x_wconf 87' lang='lat' dir='ltr'>satis</span> <span class='ocrx_word' id='word_1_13' title='bbox 791 303 988 340; x_wconf 81' lang='lat' dir='ltr'>docuerit.</span> <span class='ocrx_word' id='word_1_14' title='bbox 1041 303 1107 339; x_wconf 85' lang='lat' dir='ltr'>Sic</span> <span class='ocrx_word' id='word_1_15' title='bbox 1134 303 1274 349; x_wconf 86' lang='lat' dir='ltr'>iunge:</span> <span class='ocrx_word' id='word_1_16' title='bbox 1302 302 1475 338; x_wconf 90' lang='lat' dir='ltr'>Primum</span> <span class='ocrx_word' id='word_1_17' title='bbox 1497 311 1630 348; x_wconf 87' lang='lat' dir='ltr'>genus</span> <span class='ocrx_word' id='word_1_18' title='bbox 1652 302 1860 348; x_wconf 85' lang='lat' dir='ltr'>qualitatis</span> <span class='ocrx_word' id='word_1_19' title='bbox 1881 304 1971 340; x_wconf 89' lang='lat' dir='ltr'>erat</span> 
     </span>
     <span class='ocr_line' id='line_1_5' title="bbox 310 367 1970 413; baseline -0.001 -9"><span class='ocrx_word' id='word_1_20' title='bbox 310 369 473 405; x_wconf 84' lang='lat' dir='ltr'>habitus</span> <span class='ocrx_word' id='word_1_21' title='bbox 501 370 541 404; x_wconf 89' lang='lat' dir='ltr'>et</span> <span class='ocrx_word' id='word_1_22' title='bbox 568 368 796 413; x_wconf 86' lang='lat' dir='ltr'>dispositio.</span> <span class='ocrx_word' id='word_1_23' title='bbox 834 368 1060 404; x_wconf 86' lang='lat' dir='ltr'>secundum</span> <span class='ocrx_word' id='word_1_24' title='bbox 1097 367 1282 413; x_wconf 88' lang='lat' dir='ltr'>potentia</span> <span class='ocrx_word' id='word_1_25' title='bbox 1321 368 1361 403; x_wconf 91' lang='lat' dir='ltr'>et</span> <span class='ocrx_word' id='word_1_26' title='bbox 1399 367 1652 412; x_wconf 83' lang='lat' dir='ltr'>impotentia,</span> <span class='ocrx_word' id='word_1_27' title='bbox 1692 367 1767 404; x_wconf 90' lang='lat' dir='ltr'>sed</span> <span class='ocrx_word' id='word_1_28' title='bbox 1805 367 1970 404; x_wconf 88' lang='lat' dir='ltr'>tertium</span> 
     </span>
     <span class='ocr_line' id='line_1_6' title="bbox 310 430 1971 478; baseline -0.001 -11"><span class='ocrx_word' id='word_1_29' title='bbox 310 432 518 478; x_wconf 81' lang='lat' dir='ltr'>passibilis</span> <span class='ocrx_word' id='word_1_30' title='bbox 547 432 724 476; x_wconf 81' lang='lat' dir='ltr'>qualitas</span> <span class='ocrx_word' id='word_1_31' title='bbox 752 433 793 467; x_wconf 88' lang='lat' dir='ltr'>et</span> <span class='ocrx_word' id='word_1_32' title='bbox 814 431 965 476; x_wconf 83' lang='lat' dir='ltr'>passio.</span> <span class='ocrx_word' id='word_1_33' title='bbox 1010 432 1117 467; x_wconf 77' lang='lat' dir='ltr'>Sunt</span> <span class='ocrx_word' id='word_1_34' title='bbox 1138 433 1292 466; x_wconf 79' lang='lat' dir='ltr'>autem.</span> <span class='ocrx_word' id='word_1_35' title='bbox 1345 430 1544 475; x_wconf 84' lang='lat' dir='ltr'>Exempla</span> <span class='ocrx_word' id='word_1_36' title='bbox 1564 430 1680 475; x_wconf 93' lang='lat' dir='ltr'>ponit</span> <span class='ocrx_word' id='word_1_37' title='bbox 1701 430 1752 466; x_wconf 89' lang='lat' dir='ltr'>de</span> <span class='ocrx_word' id='word_1_38' title='bbox 1774 430 1971 476; x_wconf 88' lang='lat' dir='ltr'>utrisque.</span> 
     </span>
     <span class='ocr_line' id='line_1_7' title="bbox 311 493 1972 541; baseline -0.001 -9"><span class='ocrx_word' id='word_1_39' title='bbox 311 497 465 532; x_wconf 71' lang='lat' dir='ltr'>Omnia</span> <span class='ocrx_word' id='word_1_40' title='bbox 496 497 562 531; x_wconf 69' lang='lat' dir='ltr'>his</span> <span class='ocrx_word' id='word_1_41' title='bbox 595 498 790 539; x_wconf 67' lang='lat' dir='ltr'>connata.</span> <span class='ocrx_word' id='word_1_42' title='bbox 828 495 865 531; x_wconf 86' lang='lat' dir='ltr'>id</span> <span class='ocrx_word' id='word_1_43' title='bbox 905 498 967 532; x_wconf 90' lang='lat' dir='ltr'>est</span> <span class='ocrx_word' id='word_1_44' title='bbox 1005 495 1226 541; x_wconf 88' lang='lat' dir='ltr'>qualitates</span> <span class='ocrx_word' id='word_1_45' title='bbox 1263 494 1420 530; x_wconf 91' lang='lat' dir='ltr'>similes</span> <span class='ocrx_word' id='word_1_46' title='bbox 1456 493 1575 530; x_wconf 90' lang='lat' dir='ltr'>istius</span> <span class='ocrx_word' id='word_1_47' title='bbox 1612 494 1652 530; x_wconf 91' lang='lat' dir='ltr'>in</span> <span class='ocrx_word' id='word_1_48' title='bbox 1688 503 1739 530; x_wconf 91' lang='lat' dir='ltr'>eo</span> <span class='ocrx_word' id='word_1_49' title='bbox 1775 494 1885 539; x_wconf 91' lang='lat' dir='ltr'>quod</span> <span class='ocrx_word' id='word_1_50' title='bbox 1920 494 1972 531; x_wconf 90' lang='lat' dir='ltr'>ad</span> 
     </span>
     <span class='ocr_line' id='line_1_8' title="bbox 310 558 2006 605; baseline -0.002 -8"><span class='ocrx_word' id='word_1_51' title='bbox 310 562 486 597; x_wconf 78' lang='lat' dir='ltr'>eundem</span> <span class='ocrx_word' id='word_1_52' title='bbox 515 571 694 597; x_wconf 84' lang='lat' dir='ltr'>sensum.</span> <span class='ocrx_word' id='word_1_53' title='bbox 723 561 760 597; x_wconf 94' lang='lat' dir='ltr'>id</span> <span class='ocrx_word' id='word_1_54' title='bbox 789 563 852 597; x_wconf 89' lang='lat' dir='ltr'>est</span> <span class='ocrx_word' id='word_1_55' title='bbox 879 561 931 597; x_wconf 90' lang='lat' dir='ltr'>ad</span> <span class='ocrx_word' id='word_1_56' title='bbox 958 563 1133 605; x_wconf 82' lang='lat' dir='ltr'>gustum,</span> <span class='ocrx_word' id='word_1_57' title='bbox 1167 559 1384 605; x_wconf 85' lang='lat' dir='ltr'>pertinent.</span> <span class='ocrx_word' id='word_1_58' title='bbox 1436 558 1638 604; x_wconf 85' lang='lat' dir='ltr'>Exempla</span> <span class='ocrx_word' id='word_1_59' title='bbox 1663 560 1758 595; x_wconf 92' lang='lat' dir='ltr'>sunt</span> <span class='ocrx_word' id='word_1_60' title='bbox 1792 559 1842 595; x_wconf 89' lang='lat' dir='ltr'>de</span> <span class='ocrx_word' id='word_1_61' title='bbox 1878 568 1972 595; x_wconf 89' lang='lat' dir='ltr'>con·</span> <span class='ocrx_word' id='word_1_62' title='bbox 1990 567 2006 593; x_wconf 87' lang='lat'>5</span> 
     </span>
     <span class='ocr_line' id='line_1_9' title="bbox 310 623 1975 671; baseline -0.001 -9"><span class='ocrx_word' id='word_1_63' title='bbox 310 626 446 662; x_wconf 89' lang='lat' dir='ltr'>trariis</span> <span class='ocrx_word' id='word_1_64' title='bbox 481 626 756 671; x_wconf 79' lang='lat' dir='ltr'>qualitatibus.</span> <span class='ocrx_word' id='word_1_65' title='bbox 797 636 904 671; x_wconf 90' lang='lat' dir='ltr'>quae</span> <span class='ocrx_word' id='word_1_66' title='bbox 941 625 1031 661; x_wconf 85' lang='lat' dir='ltr'>aliis</span> <span class='ocrx_word' id='word_1_67' title='bbox 1072 625 1264 660; x_wconf 82' lang='lat' dir='ltr'>sensibus</span> <span class='ocrx_word' id='word_1_68' title='bbox 1301 633 1421 669; x_wconf 91' lang='lat' dir='ltr'>quam</span> <span class='ocrx_word' id='word_1_69' title='bbox 1457 624 1578 669; x_wconf 88' lang='lat' dir='ltr'>gustu</span> <span class='ocrx_word' id='word_1_70' title='bbox 1606 623 1905 665; x_wconf 90' lang='lat' dir='ltr'>discernuntur,</span> <span class='ocrx_word' id='word_1_71' title='bbox 1932 625 1975 660; x_wconf 91' lang='lat' dir='ltr'>ut</span> 
     </span>
     <span class='ocr_line' id='line_1_10' title="bbox 311 688 1976 736; baseline -0.002 -9"><span class='ocrx_word' id='word_1_72' title='bbox 311 692 422 727; x_wconf 88' lang='lat' dir='ltr'>calor</span> <span class='ocrx_word' id='word_1_73' title='bbox 459 693 499 727; x_wconf 87' lang='lat' dir='ltr'>et</span> <span class='ocrx_word' id='word_1_74' title='bbox 536 691 663 736; x_wconf 78' lang='lat' dir='ltr'>frigus</span> <span class='ocrx_word' id='word_1_75' title='bbox 701 692 822 727; x_wconf 86' lang='lat' dir='ltr'>tactu.</span> <span class='ocrx_word' id='word_1_76' title='bbox 860 691 1008 726; x_wconf 83' lang='lat' dir='ltr'>albedo</span> <span class='ocrx_word' id='word_1_77' title='bbox 1046 692 1086 726; x_wconf 90' lang='lat' dir='ltr'>et</span> <span class='ocrx_word' id='word_1_78' title='bbox 1124 689 1296 735; x_wconf 89' lang='lat' dir='ltr'>nigredo</span> <span class='ocrx_word' id='word_1_79' title='bbox 1334 689 1436 724; x_wconf 89' lang='lat' dir='ltr'>visu.</span> <span class='ocrx_word' id='word_1_80' title='bbox 1488 688 1537 724; x_wconf 85' lang='lat' dir='ltr'>Et</span> <span class='ocrx_word' id='word_1_81' title='bbox 1564 688 1784 729; x_wconf 72' lang='lat' dir='ltr'>quoniam.</span> <span class='ocrx_word' id='word_1_82' title='bbox 1836 688 1976 725; x_wconf 91' lang='lat' dir='ltr'>Posuit</span> 
     </span>
     <span class='ocr_line' id='line_1_11' title="bbox 312 748 1974 801; baseline -0.002 -9"><span class='ocrx_word' id='word_1_83' title='bbox 312 757 550 801; x_wconf 82' lang='lat' dir='ltr'>supradicta</span> <span class='ocrx_word' id='word_1_84' title='bbox 590 757 696 792; x_wconf 85' lang='lat' dir='ltr'>inter</span> <span class='ocrx_word' id='word_1_85' title='bbox 729 756 951 801; x_wconf 88' lang='lat' dir='ltr'>qualitates</span> <span class='ocrx_word' id='word_1_86' title='bbox 988 765 1061 800; x_wconf 90' lang='lat' dir='ltr'>per</span> <span class='ocrx_word' id='word_1_87' title='bbox 1097 755 1259 791; x_wconf 82' lang='lat' dir='ltr'>tertiam</span> <span class='ocrx_word' id='word_1_88' title='bbox 1299 754 1458 790; x_wconf 88' lang='lat' dir='ltr'>scilicet</span> <span class='ocrx_word' id='word_1_89' title='bbox 1493 753 1721 790; x_wconf 83' lang='lat' dir='ltr'>maneriam</span> <span class='ocrx_word' id='word_1_90' title='bbox 1757 748 1974 798; x_wconf 79' lang='lat' dir='ltr'>qualitatis.</span> 
     </span>
     <span class='ocr_line' id='line_1_12' title="bbox 312 818 1975 865; baseline -0.002 -8"><span class='ocrx_word' id='word_1_91' title='bbox 312 821 357 857; x_wconf 87' lang='lat' dir='ltr'>Et</span> <span class='ocrx_word' id='word_1_92' title='bbox 392 821 549 857; x_wconf 88' lang='lat' dir='ltr'>merito.</span> <span class='ocrx_word' id='word_1_93' title='bbox 584 821 778 865; x_wconf 89' lang='lat' dir='ltr'>quoniam</span> <span class='ocrx_word' id='word_1_94' title='bbox 815 820 1008 856; x_wconf 73' lang='lat' dir='ltr'>videlicet</span> <span class='ocrx_word' id='word_1_95' title='bbox 1043 819 1307 856; x_wconf 82' lang='lat' dir='ltr'>manifestum</span> <span class='ocrx_word' id='word_1_96' title='bbox 1349 821 1424 859; x_wconf 85' lang='lat' dir='ltr'>est,</span> <span class='ocrx_word' id='word_1_97' title='bbox 1464 819 1573 863; x_wconf 91' lang='lat' dir='ltr'>quod</span> <span class='ocrx_word' id='word_1_98' title='bbox 1610 819 1706 854; x_wconf 88' lang='lat' dir='ltr'>sunt</span> <span class='ocrx_word' id='word_1_99' title='bbox 1744 818 1975 863; x_wconf 85' lang='lat' dir='ltr'>qualitates.</span> 
     </span>
     <span class='ocr_line' id='line_1_13' title="bbox 313 881 2029 929; baseline -0.002 -9"><span class='ocrx_word' id='word_1_100' title='bbox 313 884 430 925; x_wconf 91' lang='lat' dir='ltr'>Quod</span> <span class='ocrx_word' id='word_1_101' title='bbox 460 885 597 920; x_wconf 88' lang='lat' dir='ltr'>statim</span> <span class='ocrx_word' id='word_1_102' title='bbox 626 885 773 929; x_wconf 89' lang='lat' dir='ltr'>probat</span> <span class='ocrx_word' id='word_1_103' title='bbox 800 894 824 920; x_wconf 87' lang='lat' dir='ltr'>a</span> <span class='ocrx_word' id='word_1_104' title='bbox 852 884 1129 928; x_wconf 87' lang='lat' dir='ltr'>descriptione</span> <span class='ocrx_word' id='word_1_105' title='bbox 1158 882 1377 928; x_wconf 76' lang='lat' dir='ltr'>qualitatis,</span> <span class='ocrx_word' id='word_1_106' title='bbox 1404 882 1499 926; x_wconf 92' lang='lat' dir='ltr'>quia</span> <span class='ocrx_word' id='word_1_107' title='bbox 1518 881 1674 918; x_wconf 83' lang='lat' dir='ltr'>faciunt</span> <span class='ocrx_word' id='word_1_108' title='bbox 1694 881 1882 918; x_wconf 89' lang='lat' dir='ltr'>subiecta</span> <span class='ocrx_word' id='word_1_109' title='bbox 1900 890 1976 918; x_wconf 88' lang='lat' dir='ltr'>sua</span> <span class='ocrx_word' id='word_1_110' title='bbox 1997 890 2029 916; x_wconf 92' lang='lat'>10</span> 
     </span>
     <span class='ocr_line' id='line_1_14' title="bbox 313 946 1972 994; baseline -0.002 -9"><span class='ocrx_word' id='word_1_111' title='bbox 313 949 458 994; x_wconf 88' lang='lat' dir='ltr'>qualia.</span> <span class='ocrx_word' id='word_1_112' title='bbox 511 950 557 985; x_wconf 89' lang='lat' dir='ltr'>Et</span> <span class='ocrx_word' id='word_1_113' title='bbox 584 950 661 985; x_wconf 86' lang='lat' dir='ltr'>hoc</span> <span class='ocrx_word' id='word_1_114' title='bbox 689 951 769 985; x_wconf 83' lang='lat' dir='ltr'>est:</span> <span class='ocrx_word' id='word_1_115' title='bbox 799 950 1096 992; x_wconf 72' lang='lat' dir='ltr'>Quaecumque</span> <span class='ocrx_word' id='word_1_116' title='bbox 1122 949 1249 989; x_wconf 71' lang='lat' dir='ltr'>enim,</span> <span class='ocrx_word' id='word_1_117' title='bbox 1278 950 1320 983; x_wconf 82' lang='lat' dir='ltr'>ut</span> <span class='ocrx_word' id='word_1_118' title='bbox 1351 947 1441 983; x_wconf 75' lang='lat' dir='ltr'>mel.</span> <span class='ocrx_word' id='word_1_119' title='bbox 1494 947 1690 993; x_wconf 87' lang='lat' dir='ltr'>Assignat</span> <span class='ocrx_word' id='word_1_120' title='bbox 1710 946 1751 982; x_wconf 93' lang='lat' dir='ltr'>in</span> <span class='ocrx_word' id='word_1_121' title='bbox 1772 946 1972 992; x_wconf 89' lang='lat' dir='ltr'>partibus,</span> 
     </span>
     <span class='ocr_line' id='line_1_15' title="bbox 312 1011 1974 1059; baseline -0.001 -10"><span class='ocrx_word' id='word_1_122' title='bbox 312 1014 420 1059; x_wconf 91' lang='lat' dir='ltr'>quod</span> <span class='ocrx_word' id='word_1_123' title='bbox 448 1014 584 1059; x_wconf 86' lang='lat' dir='ltr'>qualia</span> <span class='ocrx_word' id='word_1_124' title='bbox 610 1014 775 1051; x_wconf 75' lang='lat' dir='ltr'>faciunt,</span> <span class='ocrx_word' id='word_1_125' title='bbox 803 1014 899 1058; x_wconf 90' lang='lat' dir='ltr'>quia</span> <span class='ocrx_word' id='word_1_126' title='bbox 926 1013 1083 1049; x_wconf 90' lang='lat' dir='ltr'>scilicet</span> <span class='ocrx_word' id='word_1_127' title='bbox 1109 1013 1283 1049; x_wconf 84' lang='lat' dir='ltr'>dulcedo</span> <span class='ocrx_word' id='word_1_128' title='bbox 1319 1012 1450 1048; x_wconf 89' lang='lat' dir='ltr'>mellis</span> <span class='ocrx_word' id='word_1_129' title='bbox 1485 1012 1583 1048; x_wconf 74' lang='lat' dir='ltr'>facit</span> <span class='ocrx_word' id='word_1_130' title='bbox 1618 1012 1750 1057; x_wconf 90' lang='lat' dir='ltr'>ipsum</span> <span class='ocrx_word' id='word_1_131' title='bbox 1786 1011 1904 1048; x_wconf 87' lang='lat' dir='ltr'>dulce</span> <span class='ocrx_word' id='word_1_132' title='bbox 1933 1011 1974 1047; x_wconf 91' lang='lat' dir='ltr'>et</span> 
     </span>
     <span class='ocr_line' id='line_1_16' title="bbox 310 1078 1423 1123; baseline -0.002 -8"><span class='ocrx_word' id='word_1_133' title='bbox 310 1079 458 1115; x_wconf 82' lang='lat' dir='ltr'>albedo</span> <span class='ocrx_word' id='word_1_134' title='bbox 486 1079 657 1115; x_wconf 87' lang='lat' dir='ltr'>alicuius</span> <span class='ocrx_word' id='word_1_135' title='bbox 685 1078 871 1123; x_wconf 89' lang='lat' dir='ltr'>corporis</span> <span class='ocrx_word' id='word_1_136' title='bbox 898 1078 996 1114; x_wconf 79' lang='lat' dir='ltr'>facit</span> <span class='ocrx_word' id='word_1_137' title='bbox 1022 1078 1156 1123; x_wconf 90' lang='lat' dir='ltr'>ipsum</span> <span class='ocrx_word' id='word_1_138' title='bbox 1184 1078 1320 1114; x_wconf 86' lang='lat' dir='ltr'>album</span> <span class='ocrx_word' id='word_1_139' title='bbox 1347 1079 1423 1113; x_wconf 91' lang='lat' dir='ltr'>etc.</span> 
     </span>
    </p>

    <p class='ocr_par' dir='ltr' id='par_1_4' title="bbox 314 1141 2054 2930">
     <span class='ocr_line' id='line_1_17' title="bbox 458 1141 1974 1186; baseline -0.001 -7"><span class='ocrx_word' id='word_1_140' title='bbox 458 1144 675 1179; x_wconf 71' lang='lat' dir='ltr'>I’ussibz‘lis</span> <span class='ocrx_word' id='word_1_141' title='bbox 701 1153 797 1179; x_wconf 69' lang='lat' dir='ltr'>vero</span> <span class='ocrx_word' id='word_1_142' title='bbox 825 1143 1024 1184; x_wconf 68' lang='lat' dir='ltr'>qualitas.</span> <span class='ocrx_word' id='word_1_143' title='bbox 1077 1142 1254 1179; x_wconf 87' lang='lat' dir='ltr'>Daturus</span> <span class='ocrx_word' id='word_1_144' title='bbox 1282 1142 1557 1178; x_wconf 75' lang='lat' dir='ltr'>differentiam</span> <span class='ocrx_word' id='word_1_145' title='bbox 1593 1141 1700 1178; x_wconf 91' lang='lat' dir='ltr'>inter</span> <span class='ocrx_word' id='word_1_146' title='bbox 1735 1141 1974 1186; x_wconf 86' lang='lat' dir='ltr'>passibilem</span> 
     </span>
     <span class='ocr_line' id='line_1_18' title="bbox 316 1206 2030 1254; baseline -0.003 -9"><span class='ocrx_word' id='word_1_147' title='bbox 316 1209 554 1254; x_wconf 84' lang='lat' dir='ltr'>qualitatem</span> <span class='ocrx_word' id='word_1_148' title='bbox 583 1210 623 1244; x_wconf 91' lang='lat' dir='ltr'>et</span> <span class='ocrx_word' id='word_1_149' title='bbox 649 1208 898 1253; x_wconf 84' lang='lat' dir='ltr'>passionem.</span> <span class='ocrx_word' id='word_1_150' title='bbox 927 1207 1187 1244; x_wconf 90' lang='lat' dir='ltr'>ostendendo</span> <span class='ocrx_word' id='word_1_151' title='bbox 1214 1207 1380 1247; x_wconf 89' lang='lat' dir='ltr'>scilicet,</span> <span class='ocrx_word' id='word_1_152' title='bbox 1408 1206 1516 1242; x_wconf 91' lang='lat' dir='ltr'>unde</span> <span class='ocrx_word' id='word_1_153' title='bbox 1544 1206 1731 1242; x_wconf 86' lang='lat' dir='ltr'>dicantur</span> <span class='ocrx_word' id='word_1_154' title='bbox 1756 1206 1976 1251; x_wconf 90' lang='lat' dir='ltr'>passibiles</span> <span class='ocrx_word' id='word_1_155' title='bbox 1998 1213 2030 1239; x_wconf 85' lang='lat'>15</span> 
     </span>
     <span class='ocr_line' id='line_1_19' title="bbox 314 1271 1978 1319; baseline -0.001 -10"><span class='ocrx_word' id='word_1_156' title='bbox 314 1274 535 1319; x_wconf 90' lang='lat' dir='ltr'>qualitates</span> <span class='ocrx_word' id='word_1_157' title='bbox 575 1275 615 1309; x_wconf 89' lang='lat' dir='ltr'>et</span> <span class='ocrx_word' id='word_1_158' title='bbox 653 1273 762 1309; x_wconf 91' lang='lat' dir='ltr'>unde</span> <span class='ocrx_word' id='word_1_159' title='bbox 799 1272 1039 1318; x_wconf 85' lang='lat' dir='ltr'>passiones,</span> <span class='ocrx_word' id='word_1_160' title='bbox 1079 1272 1192 1317; x_wconf 89' lang='lat' dir='ltr'>prius</span> <span class='ocrx_word' id='word_1_161' title='bbox 1239 1271 1476 1317; x_wconf 91' lang='lat' dir='ltr'>opinionem</span> <span class='ocrx_word' id='word_1_162' title='bbox 1516 1271 1774 1316; x_wconf 88' lang='lat' dir='ltr'>quorundam</span> <span class='ocrx_word' id='word_1_163' title='bbox 1812 1272 1978 1308; x_wconf 87' lang='lat' dir='ltr'>resecat</span> 
     </span>
     <span class='ocr_line' id='line_1_20' title="bbox 315 1335 1978 1385; baseline -0.002 -11"><span class='ocrx_word' id='word_1_164' title='bbox 315 1339 461 1385; x_wconf 90' lang='lat' dir='ltr'>quibus</span> <span class='ocrx_word' id='word_1_165' title='bbox 502 1339 730 1376; x_wconf 76' lang='lat' dir='ltr'>videbatur.</span> <span class='ocrx_word' id='word_1_166' title='bbox 780 1338 888 1383; x_wconf 89' lang='lat' dir='ltr'>quod</span> <span class='ocrx_word' id='word_1_167' title='bbox 934 1337 1157 1383; x_wconf 89' lang='lat' dir='ltr'>passibiles</span> <span class='ocrx_word' id='word_1_168' title='bbox 1194 1337 1414 1382; x_wconf 90' lang='lat' dir='ltr'>qualitates</span> <span class='ocrx_word' id='word_1_169' title='bbox 1452 1336 1688 1372; x_wconf 87' lang='lat' dir='ltr'>dicerentur</span> <span class='ocrx_word' id='word_1_170' title='bbox 1721 1336 1828 1377; x_wconf 89' lang='lat' dir='ltr'>ideo,</span> <span class='ocrx_word' id='word_1_171' title='bbox 1868 1335 1978 1381; x_wconf 90' lang='lat' dir='ltr'>quod</span> 
     </span>
     <span class='ocr_line' id='line_1_21' title="bbox 315 1400 1978 1448; baseline -0.002 -8"><span class='ocrx_word' id='word_1_172' title='bbox 315 1414 391 1441; x_wconf 90' lang='lat' dir='ltr'>sua</span> <span class='ocrx_word' id='word_1_173' title='bbox 417 1404 603 1440; x_wconf 89' lang='lat' dir='ltr'>subiecta</span> <span class='ocrx_word' id='word_1_174' title='bbox 629 1403 817 1439; x_wconf 84' lang='lat' dir='ltr'>facerent</span> <span class='ocrx_word' id='word_1_175' title='bbox 843 1403 938 1448; x_wconf 88' lang='lat' dir='ltr'>pati.</span> <span class='ocrx_word' id='word_1_176' title='bbox 990 1403 1032 1438; x_wconf 95' lang='lat' dir='ltr'>In</span> <span class='ocrx_word' id='word_1_177' title='bbox 1060 1412 1141 1448; x_wconf 90' lang='lat' dir='ltr'>quo</span> <span class='ocrx_word' id='word_1_178' title='bbox 1169 1402 1293 1438; x_wconf 90' lang='lat' dir='ltr'>etiam</span> <span class='ocrx_word' id='word_1_179' title='bbox 1328 1401 1575 1438; x_wconf 90' lang='lat' dir='ltr'>divisionem</span> <span class='ocrx_word' id='word_1_180' title='bbox 1610 1400 1820 1446; x_wconf 90' lang='lat' dir='ltr'>passibilis</span> <span class='ocrx_word' id='word_1_181' title='bbox 1853 1400 1978 1446; x_wconf 86' lang='lat' dir='ltr'>quali-</span> 
     </span>
     <span class='ocr_line' id='line_1_22' title="bbox 314 1465 1977 1514; baseline -0.002 -9"><span class='ocrx_word' id='word_1_182' title='bbox 314 1469 409 1505; x_wconf 88' lang='lat' dir='ltr'>tatis</span> <span class='ocrx_word' id='word_1_183' title='bbox 438 1469 563 1514; x_wconf 84' lang='lat' dir='ltr'>ponit.</span> <span class='ocrx_word' id='word_1_184' title='bbox 601 1478 691 1504; x_wconf 91' lang='lat' dir='ltr'>cum</span> <span class='ocrx_word' id='word_1_185' title='bbox 726 1468 908 1504; x_wconf 88' lang='lat' dir='ltr'>ostendit</span> <span class='ocrx_word' id='word_1_186' title='bbox 935 1468 1135 1513; x_wconf 89' lang='lat' dir='ltr'>quasdam</span> <span class='ocrx_word' id='word_1_187' title='bbox 1163 1467 1220 1503; x_wconf 91' lang='lat' dir='ltr'>ita</span> <span class='ocrx_word' id='word_1_188' title='bbox 1246 1466 1469 1512; x_wconf 89' lang='lat' dir='ltr'>passibiles</span> <span class='ocrx_word' id='word_1_189' title='bbox 1498 1475 1594 1502; x_wconf 90' lang='lat' dir='ltr'>esse</span> <span class='ocrx_word' id='word_1_190' title='bbox 1622 1465 1841 1511; x_wconf 88' lang='lat' dir='ltr'>qualitates</span> <span class='ocrx_word' id='word_1_191' title='bbox 1868 1466 1977 1511; x_wconf 91' lang='lat' dir='ltr'>quod</span> 
     </span>
     <span class='ocr_line' id='line_1_23' title="bbox 314 1530 2031 1579; baseline -0.002 -9"><span class='ocrx_word' id='word_1_192' title='bbox 314 1535 502 1575; x_wconf 79' lang='lat' dir='ltr'>inferunt,</span> <span class='ocrx_word' id='word_1_193' title='bbox 531 1534 733 1579; x_wconf 85' lang='lat' dir='ltr'>quasdam</span> <span class='ocrx_word' id='word_1_194' title='bbox 760 1533 816 1569; x_wconf 91' lang='lat' dir='ltr'>ita</span> <span class='ocrx_word' id='word_1_195' title='bbox 841 1532 999 1578; x_wconf 89' lang='lat' dir='ltr'>&lt;quod&gt;</span> <span class='ocrx_word' id='word_1_196' title='bbox 1020 1532 1260 1568; x_wconf 80' lang='lat' dir='ltr'>inferuntur.</span> <span class='ocrx_word' id='word_1_197' title='bbox 1314 1531 1380 1568; x_wconf 91' lang='lat' dir='ltr'>Sic</span> <span class='ocrx_word' id='word_1_198' title='bbox 1408 1531 1625 1567; x_wconf 82' lang='lat' dir='ltr'>continua:</span> <span class='ocrx_word' id='word_1_199' title='bbox 1654 1530 1807 1567; x_wconf 91' lang='lat' dir='ltr'>Omnes</span> <span class='ocrx_word' id='word_1_200' title='bbox 1836 1539 1977 1576; x_wconf 88' lang='lat' dir='ltr'>supra·</span> <span class='ocrx_word' id='word_1_201' title='bbox 1996 1536 2031 1562; x_wconf 84' lang='lat'>20</span> 
     </span>
     <span class='ocr_line' id='line_1_24' title="bbox 315 1593 1978 1643; baseline -0.003 -7"><span class='ocrx_word' id='word_1_202' title='bbox 315 1600 448 1636; x_wconf 86' lang='lat' dir='ltr'>dictae</span> <span class='ocrx_word' id='word_1_203' title='bbox 477 1599 695 1643; x_wconf 85' lang='lat' dir='ltr'>qualitates</span> <span class='ocrx_word' id='word_1_204' title='bbox 722 1598 958 1640; x_wconf 88' lang='lat' dir='ltr'>&lt;dicuntur&gt;</span> <span class='ocrx_word' id='word_1_205' title='bbox 985 1597 1042 1633; x_wconf 88' lang='lat' dir='ltr'>ita</span> <span class='ocrx_word' id='word_1_206' title='bbox 1069 1597 1236 1637; x_wconf 86' lang='lat' dir='ltr'>scilicet,</span> <span class='ocrx_word' id='word_1_207' title='bbox 1265 1597 1373 1641; x_wconf 91' lang='lat' dir='ltr'>quod</span> <span class='ocrx_word' id='word_1_208' title='bbox 1396 1595 1534 1641; x_wconf 88' lang='lat' dir='ltr'>qualia</span> <span class='ocrx_word' id='word_1_209' title='bbox 1554 1595 1721 1637; x_wconf 80' lang='lat' dir='ltr'>faciunt,</span> <span class='ocrx_word' id='word_1_210' title='bbox 1750 1595 1825 1632; x_wconf 90' lang='lat' dir='ltr'>sed</span> <span class='ocrx_word' id='word_1_211' title='bbox 1845 1593 1978 1640; x_wconf 88' lang='lat' dir='ltr'>passi-</span> 
     </span>
     <span class='ocr_line' id='line_1_25' title="bbox 315 1660 1978 1709; baseline -0.003 -9"><span class='ocrx_word' id='word_1_212' title='bbox 315 1664 453 1700; x_wconf 89' lang='lat' dir='ltr'>bilium</span> <span class='ocrx_word' id='word_1_213' title='bbox 481 1663 721 1709; x_wconf 86' lang='lat' dir='ltr'>qualitatum</span> <span class='ocrx_word' id='word_1_214' title='bbox 749 1663 954 1708; x_wconf 89' lang='lat' dir='ltr'>quaedam</span> <span class='ocrx_word' id='word_1_215' title='bbox 982 1663 1060 1698; x_wconf 90' lang='lat' dir='ltr'>hoc</span> <span class='ocrx_word' id='word_1_216' title='bbox 1087 1662 1209 1698; x_wconf 89' lang='lat' dir='ltr'>modo</span> <span class='ocrx_word' id='word_1_217' title='bbox 1245 1661 1443 1701; x_wconf 85' lang='lat' dir='ltr'>dicuntur,</span> <span class='ocrx_word' id='word_1_218' title='bbox 1478 1661 1588 1706; x_wconf 90' lang='lat' dir='ltr'>quod</span> <span class='ocrx_word' id='word_1_219' title='bbox 1624 1660 1815 1701; x_wconf 78' lang='lat' dir='ltr'>inferunt,</span> <span class='ocrx_word' id='word_1_220' title='bbox 1854 1669 1978 1705; x_wconf 90' lang='lat' dir='ltr'>quae-</span> 
     </span>
     <span class='ocr_line' id='line_1_26' title="bbox 316 1724 1978 1773; baseline -0.003 -8"><span class='ocrx_word' id='word_1_221' title='bbox 316 1730 408 1765; x_wconf 87' lang='lat' dir='ltr'>dam</span> <span class='ocrx_word' id='word_1_222' title='bbox 437 1730 515 1765; x_wconf 86' lang='lat' dir='ltr'>hoc</span> <span class='ocrx_word' id='word_1_223' title='bbox 542 1728 675 1767; x_wconf 81' lang='lat' dir='ltr'>modo.</span> <span class='ocrx_word' id='word_1_224' title='bbox 704 1728 812 1773; x_wconf 90' lang='lat' dir='ltr'>quod</span> <span class='ocrx_word' id='word_1_225' title='bbox 840 1728 1081 1764; x_wconf 71' lang='lat' dir='ltr'>inferuntur.</span> <span class='ocrx_word' id='word_1_226' title='bbox 1132 1726 1180 1762; x_wconf 91' lang='lat' dir='ltr'>Et</span> <span class='ocrx_word' id='word_1_227' title='bbox 1206 1727 1317 1772; x_wconf 91' lang='lat' dir='ltr'>prius</span> <span class='ocrx_word' id='word_1_228' title='bbox 1344 1728 1533 1762; x_wconf 85' lang='lat' dir='ltr'>removet</span> <span class='ocrx_word' id='word_1_229' title='bbox 1559 1725 1657 1761; x_wconf 87' lang='lat' dir='ltr'>illud</span> <span class='ocrx_word' id='word_1_230' title='bbox 1677 1726 1848 1771; x_wconf 89' lang='lat' dir='ltr'>propter</span> <span class='ocrx_word' id='word_1_231' title='bbox 1868 1724 1978 1770; x_wconf 91' lang='lat' dir='ltr'>quod</span> 
     </span>
     <span class='ocr_line' id='line_1_27' title="bbox 315 1789 1979 1840; baseline -0.003 -10"><span class='ocrx_word' id='word_1_232' title='bbox 315 1794 534 1840; x_wconf 90' lang='lat' dir='ltr'>passibiles</span> <span class='ocrx_word' id='word_1_233' title='bbox 561 1793 753 1830; x_wconf 90' lang='lat' dir='ltr'>videntur</span> <span class='ocrx_word' id='word_1_234' title='bbox 779 1793 978 1838; x_wconf 88' lang='lat' dir='ltr'>appellari</span> <span class='ocrx_word' id='word_1_235' title='bbox 1012 1795 1053 1829; x_wconf 92' lang='lat' dir='ltr'>et</span> <span class='ocrx_word' id='word_1_236' title='bbox 1080 1792 1189 1838; x_wconf 92' lang='lat' dir='ltr'>quod</span> <span class='ocrx_word' id='word_1_237' title='bbox 1222 1792 1400 1828; x_wconf 80' lang='lat' dir='ltr'>fortasse</span> <span class='ocrx_word' id='word_1_238' title='bbox 1434 1800 1509 1836; x_wconf 89' lang='lat' dir='ltr'>per</span> <span class='ocrx_word' id='word_1_239' title='bbox 1541 1790 1740 1836; x_wconf 89' lang='lat' dir='ltr'>passibile</span> <span class='ocrx_word' id='word_1_240' title='bbox 1767 1789 1979 1826; x_wconf 88' lang='lat' dir='ltr'>videretur</span> 
     </span>
     <span class='ocr_line' id='line_1_28' title="bbox 315 1855 2032 1904; baseline -0.002 -10"><span class='ocrx_word' id='word_1_241' title='bbox 315 1859 423 1904; x_wconf 82' lang='lat' dir='ltr'>poni,</span> <span class='ocrx_word' id='word_1_242' title='bbox 452 1859 609 1894; x_wconf 90' lang='lat' dir='ltr'>scilicet</span> <span class='ocrx_word' id='word_1_243' title='bbox 636 1859 743 1903; x_wconf 92' lang='lat' dir='ltr'>quod</span> <span class='ocrx_word' id='word_1_244' title='bbox 772 1867 847 1894; x_wconf 85' lang='lat' dir='ltr'>sua</span> <span class='ocrx_word' id='word_1_245' title='bbox 874 1858 1060 1894; x_wconf 89' lang='lat' dir='ltr'>subiecta</span> <span class='ocrx_word' id='word_1_246' title='bbox 1085 1857 1274 1894; x_wconf 79' lang='lat' dir='ltr'>facerent</span> <span class='ocrx_word' id='word_1_247' title='bbox 1300 1857 1396 1902; x_wconf 89' lang='lat' dir='ltr'>pati.</span> <span class='ocrx_word' id='word_1_248' title='bbox 1449 1856 1567 1897; x_wconf 89' lang='lat' dir='ltr'>Quod</span> <span class='ocrx_word' id='word_1_249' title='bbox 1594 1856 1635 1892; x_wconf 90' lang='lat' dir='ltr'>in</span> <span class='ocrx_word' id='word_1_250' title='bbox 1671 1857 1790 1902; x_wconf 88' lang='lat' dir='ltr'>parte</span> <span class='ocrx_word' id='word_1_251' title='bbox 1827 1855 1977 1892; x_wconf 79' lang='lat' dir='ltr'>falsum</span> <span class='ocrx_word' id='word_1_252' title='bbox 1997 1860 2032 1886; x_wconf 78' lang='lat'>25</span> 
     </span>
     <span class='ocr_line' id='line_1_29' title="bbox 317 1920 1978 1968; baseline -0.002 -8"><span class='ocrx_word' id='word_1_253' title='bbox 317 1923 507 1965; x_wconf 81' lang='lat' dir='ltr'>ostendit,</span> <span class='ocrx_word' id='word_1_254' title='bbox 535 1923 631 1968; x_wconf 89' lang='lat' dir='ltr'>quia</span> <span class='ocrx_word' id='word_1_255' title='bbox 658 1923 832 1959; x_wconf 89' lang='lat' dir='ltr'>dulcedo</span> <span class='ocrx_word' id='word_1_256' title='bbox 861 1923 993 1959; x_wconf 91' lang='lat' dir='ltr'>mellis</span> <span class='ocrx_word' id='word_1_257' title='bbox 1021 1932 1128 1968; x_wconf 89' lang='lat' dir='ltr'>quae</span> <span class='ocrx_word' id='word_1_258' title='bbox 1165 1924 1227 1958; x_wconf 91' lang='lat' dir='ltr'>est</span> <span class='ocrx_word' id='word_1_259' title='bbox 1263 1922 1303 1958; x_wconf 94' lang='lat' dir='ltr'>in</span> <span class='ocrx_word' id='word_1_260' title='bbox 1340 1931 1390 1958; x_wconf 92' lang='lat' dir='ltr'>eo</span> <span class='ocrx_word' id='word_1_261' title='bbox 1428 1920 1635 1967; x_wconf 90' lang='lat' dir='ltr'>passibilis</span> <span class='ocrx_word' id='word_1_262' title='bbox 1672 1920 1860 1966; x_wconf 88' lang='lat' dir='ltr'>qualitas,</span> <span class='ocrx_word' id='word_1_263' title='bbox 1895 1929 1978 1956; x_wconf 92' lang='lat' dir='ltr'>non</span> 
     </span>
     <span class='ocr_line' id='line_1_30' title="bbox 315 1984 1978 2033; baseline -0.002 -9"><span class='ocrx_word' id='word_1_264' title='bbox 315 1989 413 2025; x_wconf 78' lang='lat' dir='ltr'>facit</span> <span class='ocrx_word' id='word_1_265' title='bbox 433 1989 512 2025; x_wconf 90' lang='lat' dir='ltr'>mel</span> <span class='ocrx_word' id='word_1_266' title='bbox 533 1988 629 2033; x_wconf 87' lang='lat' dir='ltr'>pati.</span> <span class='ocrx_word' id='word_1_267' title='bbox 681 1988 840 2033; x_wconf 88' lang='lat' dir='ltr'>Quippe</span> <span class='ocrx_word' id='word_1_268' title='bbox 861 1997 953 2024; x_wconf 92' lang='lat' dir='ltr'>cum</span> <span class='ocrx_word' id='word_1_269' title='bbox 975 1987 1141 2023; x_wconf 92' lang='lat' dir='ltr'>omnino</span> <span class='ocrx_word' id='word_1_270' title='bbox 1164 1996 1291 2023; x_wconf 90' lang='lat' dir='ltr'>sensu</span> <span class='ocrx_word' id='word_1_271' title='bbox 1312 1986 1393 2022; x_wconf 90' lang='lat' dir='ltr'>mel</span> <span class='ocrx_word' id='word_1_272' title='bbox 1414 1987 1564 2027; x_wconf 89' lang='lat' dir='ltr'>careat,</span> <span class='ocrx_word' id='word_1_273' title='bbox 1586 1985 1740 2021; x_wconf 91' lang='lat' dir='ltr'>nullam</span> <span class='ocrx_word' id='word_1_274' title='bbox 1760 1984 1978 2021; x_wconf 91' lang='lat' dir='ltr'>sentiendo</span> 
     </span>
     <span class='ocr_line' id='line_1_31' title="bbox 317 2049 1978 2099; baseline -0.002 -10"><span class='ocrx_word' id='word_1_275' title='bbox 317 2053 556 2099; x_wconf 88' lang='lat' dir='ltr'>passionem</span> <span class='ocrx_word' id='word_1_276' title='bbox 584 2052 709 2089; x_wconf 91' lang='lat' dir='ltr'>sentit</span> <span class='ocrx_word' id='word_1_277' title='bbox 736 2062 813 2088; x_wconf 91' lang='lat' dir='ltr'>nec</span> <span class='ocrx_word' id='word_1_278' title='bbox 841 2052 993 2097; x_wconf 89' lang='lat' dir='ltr'>aliquid</span> <span class='ocrx_word' id='word_1_279' title='bbox 1020 2051 1266 2092; x_wconf 90' lang='lat' dir='ltr'>huiusmodi,</span> <span class='ocrx_word' id='word_1_280' title='bbox 1305 2051 1383 2087; x_wconf 92' lang='lat' dir='ltr'>hoc</span> <span class='ocrx_word' id='word_1_281' title='bbox 1417 2052 1481 2087; x_wconf 92' lang='lat' dir='ltr'>est</span> <span class='ocrx_word' id='word_1_282' title='bbox 1513 2049 1667 2095; x_wconf 87' lang='lat' dir='ltr'>aliquid</span> <span class='ocrx_word' id='word_1_283' title='bbox 1705 2049 1978 2086; x_wconf 87' lang='lat' dir='ltr'>animatorum</span> 
     </span>
     <span class='ocr_line' id='line_1_32' title="bbox 317 2114 1976 2160; baseline -0.002 -6"><span class='ocrx_word' id='word_1_284' title='bbox 317 2118 595 2154; x_wconf 85' lang='lat' dir='ltr'>subiectorum</span> <span class='ocrx_word' id='word_1_285' title='bbox 615 2118 681 2153; x_wconf 91' lang='lat' dir='ltr'>vel</span> <span class='ocrx_word' id='word_1_286' title='bbox 709 2117 966 2153; x_wconf 88' lang='lat' dir='ltr'>naturalium.</span> <span class='ocrx_word' id='word_1_287' title='bbox 1019 2116 1137 2157; x_wconf 91' lang='lat' dir='ltr'>Quod</span> <span class='ocrx_word' id='word_1_288' title='bbox 1159 2116 1268 2152; x_wconf 91' lang='lat' dir='ltr'>enim</span> <span class='ocrx_word' id='word_1_289' title='bbox 1288 2115 1530 2151; x_wconf 87' lang='lat' dir='ltr'>naturaliter</span> <span class='ocrx_word' id='word_1_290' title='bbox 1550 2114 1704 2160; x_wconf 89' lang='lat' dir='ltr'>aliquid</span> <span class='ocrx_word' id='word_1_291' title='bbox 1723 2114 1848 2150; x_wconf 88' lang='lat' dir='ltr'>habet</span> <span class='ocrx_word' id='word_1_292' title='bbox 1868 2114 1976 2155; x_wconf 88' lang='lat' dir='ltr'>illud,</span> 
     </span>
     <span class='ocr_line' id='line_1_33' title="bbox 317 2178 2033 2227; baseline -0.002 -9"><span class='ocrx_word' id='word_1_293' title='bbox 317 2183 401 2227; x_wconf 86' lang='lat' dir='ltr'>pati</span> <span class='ocrx_word' id='word_1_294' title='bbox 428 2192 510 2218; x_wconf 93' lang='lat' dir='ltr'>non</span> <span class='ocrx_word' id='word_1_295' title='bbox 539 2182 694 2218; x_wconf 85' lang='lat' dir='ltr'>dicitur.</span> <span class='ocrx_word' id='word_1_296' title='bbox 745 2182 955 2217; x_wconf 74' lang='lat' dir='ltr'>Similiter</span> <span class='ocrx_word' id='word_1_297' title='bbox 980 2183 1134 2217; x_wconf 63' lang='lat' dir='ltr'>(uitem.</span> <span class='ocrx_word' id='word_1_298' title='bbox 1188 2180 1229 2217; x_wconf 92' lang='lat' dir='ltr'>Si</span> <span class='ocrx_word' id='word_1_299' title='bbox 1265 2182 1305 2217; x_wconf 90' lang='lat' dir='ltr'>et</span> <span class='ocrx_word' id='word_1_300' title='bbox 1342 2181 1453 2216; x_wconf 92' lang='lat' dir='ltr'>calor</span> <span class='ocrx_word' id='word_1_301' title='bbox 1486 2182 1527 2216; x_wconf 92' lang='lat' dir='ltr'>et</span> <span class='ocrx_word' id='word_1_302' title='bbox 1560 2179 1690 2225; x_wconf 77' lang='lat' dir='ltr'>frigus</span> <span class='ocrx_word' id='word_1_303' title='bbox 1723 2178 1979 2224; x_wconf 86' lang='lat' dir='ltr'>accipiantur</span> <span class='ocrx_word' id='word_1_304' title='bbox 1998 2189 2033 2215; x_wconf 82' lang='lat'>30</span> 
     </span>
     <span class='ocr_line' id='line_1_34' title="bbox 318 2243 1981 2292; baseline -0.002 -9"><span class='ocrx_word' id='word_1_305' title='bbox 318 2248 357 2283; x_wconf 91' lang='lat' dir='ltr'>in</span> <span class='ocrx_word' id='word_1_306' title='bbox 394 2248 662 2284; x_wconf 87' lang='lat' dir='ltr'>naturalibus.</span> <span class='ocrx_word' id='word_1_307' title='bbox 698 2256 841 2283; x_wconf 82' lang='lat' dir='ltr'>verum</span> <span class='ocrx_word' id='word_1_308' title='bbox 882 2248 956 2287; x_wconf 90' lang='lat' dir='ltr'>est,</span> <span class='ocrx_word' id='word_1_309' title='bbox 991 2247 1100 2292; x_wconf 91' lang='lat' dir='ltr'>quod</span> <span class='ocrx_word' id='word_1_310' title='bbox 1136 2256 1218 2282; x_wconf 92' lang='lat' dir='ltr'>non</span> <span class='ocrx_word' id='word_1_311' title='bbox 1258 2245 1354 2282; x_wconf 91' lang='lat' dir='ltr'>hinc</span> <span class='ocrx_word' id='word_1_312' title='bbox 1390 2245 1580 2282; x_wconf 91' lang='lat' dir='ltr'>dicuntur</span> <span class='ocrx_word' id='word_1_313' title='bbox 1617 2243 1849 2289; x_wconf 89' lang='lat' dir='ltr'>passibiles.</span> <span class='ocrx_word' id='word_1_314' title='bbox 1900 2243 1981 2280; x_wconf 83' lang='lat' dir='ltr'>Sed</span> 
     </span>
     <span class='ocr_line' id='line_1_35' title="bbox 318 2310 1981 2357; baseline -0.002 -9"><span class='ocrx_word' id='word_1_315' title='bbox 318 2313 538 2357; x_wconf 66' lang='lat' dir='ltr'>quoniam.</span> <span class='ocrx_word' id='word_1_316' title='bbox 590 2312 699 2349; x_wconf 87' lang='lat' dir='ltr'>Istud</span> <span class='ocrx_word' id='word_1_317' title='bbox 729 2312 944 2357; x_wconf 77' lang='lat' dir='ltr'>,quoniam‘</span> <span class='ocrx_word' id='word_1_318' title='bbox 972 2311 1109 2357; x_wconf 89' lang='lat' dir='ltr'>potius</span> <span class='ocrx_word' id='word_1_319' title='bbox 1138 2311 1328 2357; x_wconf 87' lang='lat' dir='ltr'>designat</span> <span class='ocrx_word' id='word_1_320' title='bbox 1361 2310 1526 2346; x_wconf 88' lang='lat' dir='ltr'>modum</span> <span class='ocrx_word' id='word_1_321' title='bbox 1555 2318 1678 2354; x_wconf 92' lang='lat' dir='ltr'>quam</span> <span class='ocrx_word' id='word_1_322' title='bbox 1713 2317 1895 2350; x_wconf 84' lang='lat' dir='ltr'>causam,</span> <span class='ocrx_word' id='word_1_323' title='bbox 1932 2317 1981 2344; x_wconf 91' lang='lat' dir='ltr'>ac</span> 
     </span>
     <span class='ocr_line' id='line_1_36' title="bbox 318 2372 1981 2422; baseline -0.003 -9"><span class='ocrx_word' id='word_1_324' title='bbox 318 2377 353 2413; x_wconf 90' lang='lat' dir='ltr'>si</span> <span class='ocrx_word' id='word_1_325' title='bbox 380 2377 551 2413; x_wconf 87' lang='lat' dir='ltr'>diceret:</span> <span class='ocrx_word' id='word_1_326' title='bbox 590 2378 663 2414; x_wconf 90' lang='lat' dir='ltr'>sed</span> <span class='ocrx_word' id='word_1_327' title='bbox 690 2377 826 2422; x_wconf 90' lang='lat' dir='ltr'>potius</span> <span class='ocrx_word' id='word_1_328' title='bbox 854 2376 911 2413; x_wconf 87' lang='lat' dir='ltr'>ita</span> <span class='ocrx_word' id='word_1_329' title='bbox 938 2377 1127 2413; x_wconf 87' lang='lat' dir='ltr'>dicuntur</span> <span class='ocrx_word' id='word_1_330' title='bbox 1153 2375 1386 2421; x_wconf 88' lang='lat' dir='ltr'>passibiles,</span> <span class='ocrx_word' id='word_1_331' title='bbox 1423 2374 1533 2420; x_wconf 91' lang='lat' dir='ltr'>quod</span> <span class='ocrx_word' id='word_1_332' title='bbox 1559 2374 1665 2410; x_wconf 88' lang='lat' dir='ltr'>haec</span> <span class='ocrx_word' id='word_1_333' title='bbox 1691 2373 1882 2414; x_wconf 79' lang='lat' dir='ltr'>inferunt,</span> <span class='ocrx_word' id='word_1_334' title='bbox 1911 2372 1981 2409; x_wconf 88' lang='lat' dir='ltr'>illa</span> 
     </span>
     <span class='ocr_line' id='line_1_37' title="bbox 318 2437 1980 2487; baseline -0.003 -9"><span class='ocrx_word' id='word_1_335' title='bbox 318 2442 557 2478; x_wconf 79' lang='lat' dir='ltr'>inferuntur.</span> <span class='ocrx_word' id='word_1_336' title='bbox 608 2442 668 2478; x_wconf 77' lang='lat' dir='ltr'>Ac</span> <span class='ocrx_word' id='word_1_337' title='bbox 694 2442 867 2487; x_wconf 88' lang='lat' dir='ltr'>primum</span> <span class='ocrx_word' id='word_1_338' title='bbox 893 2442 943 2477; x_wconf 92' lang='lat' dir='ltr'>de</span> <span class='ocrx_word' id='word_1_339' title='bbox 970 2440 1242 2477; x_wconf 79' lang='lat' dir='ltr'>inferentibus</span> <span class='ocrx_word' id='word_1_340' title='bbox 1270 2439 1384 2486; x_wconf 90' lang='lat' dir='ltr'>ponit</span> <span class='ocrx_word' id='word_1_341' title='bbox 1411 2439 1489 2476; x_wconf 85' lang='lat' dir='ltr'>sic:</span> <span class='ocrx_word' id='word_1_342' title='bbox 1527 2438 1698 2484; x_wconf 87' lang='lat' dir='ltr'>Singula</span> <span class='ocrx_word' id='word_1_343' title='bbox 1730 2447 1839 2484; x_wconf 90' lang='lat' dir='ltr'>quae</span> <span class='ocrx_word' id='word_1_344' title='bbox 1869 2437 1980 2474; x_wconf 89' lang='lat' dir='ltr'>dicta</span> 
     </span>
     <span class='ocr_line' id='line_1_38' title="bbox 319 2502 2033 2552; baseline -0.003 -9"><span class='ocrx_word' id='word_1_345' title='bbox 319 2509 412 2542; x_wconf 90' lang='lat' dir='ltr'>sunt</span> <span class='ocrx_word' id='word_1_346' title='bbox 448 2507 651 2552; x_wconf 88' lang='lat' dir='ltr'>superius,</span> <span class='ocrx_word' id='word_1_347' title='bbox 691 2509 784 2542; x_wconf 92' lang='lat' dir='ltr'>sunt</span> <span class='ocrx_word' id='word_1_348' title='bbox 822 2506 1051 2552; x_wconf 80' lang='lat' dir='ltr'>perfectiva</span> <span class='ocrx_word' id='word_1_349' title='bbox 1090 2507 1130 2542; x_wconf 91' lang='lat' dir='ltr'>et</span> <span class='ocrx_word' id='word_1_350' title='bbox 1166 2505 1322 2541; x_wconf 86' lang='lat' dir='ltr'>illativa</span> <span class='ocrx_word' id='word_1_351' title='bbox 1360 2503 1612 2550; x_wconf 89' lang='lat' dir='ltr'>passionum.</span> <span class='ocrx_word' id='word_1_352' title='bbox 1662 2503 1776 2539; x_wconf 90' lang='lat' dir='ltr'>Haec</span> <span class='ocrx_word' id='word_1_353' title='bbox 1801 2502 1978 2548; x_wconf 89' lang='lat' dir='ltr'>qualitas</span> <span class='ocrx_word' id='word_1_354' title='bbox 2000 2514 2033 2539; x_wconf 81' lang='lat'>35</span> 
     </span>
     <span class='ocr_line' id='line_1_39' title="bbox 319 2567 1977 2616; baseline -0.002 -9"><span class='ocrx_word' id='word_1_355' title='bbox 319 2572 465 2608; x_wconf 87' lang='lat' dir='ltr'>tertiae</span> <span class='ocrx_word' id='word_1_356' title='bbox 494 2572 718 2608; x_wconf 84' lang='lat' dir='ltr'>maneriae.</span> <span class='ocrx_word' id='word_1_357' title='bbox 770 2571 883 2607; x_wconf 90' lang='lat' dir='ltr'>Sicut</span> <span class='ocrx_word' id='word_1_358' title='bbox 911 2571 1019 2608; x_wconf 89' lang='lat' dir='ltr'>enim</span> <span class='ocrx_word' id='word_1_359' title='bbox 1041 2570 1255 2616; x_wconf 89' lang='lat' dir='ltr'>dispositio</span> <span class='ocrx_word' id='word_1_360' title='bbox 1278 2570 1392 2615; x_wconf 87' lang='lat' dir='ltr'>large</span> <span class='ocrx_word' id='word_1_361' title='bbox 1415 2569 1664 2614; x_wconf 89' lang='lat' dir='ltr'>quandoque</span> <span class='ocrx_word' id='word_1_362' title='bbox 1685 2567 1977 2613; x_wconf 86' lang='lat' dir='ltr'>accipiebatur,</span> 
     </span>
     <span class='ocr_line' id='line_1_40' title="bbox 319 2630 1981 2679; baseline -0.003 -8"><span class='ocrx_word' id='word_1_363' title='bbox 319 2637 362 2671; x_wconf 92' lang='lat' dir='ltr'>ut</span> <span class='ocrx_word' id='word_1_364' title='bbox 400 2635 592 2671; x_wconf 78' lang='lat' dir='ltr'>videlicet</span> <span class='ocrx_word' id='word_1_365' title='bbox 630 2635 841 2671; x_wconf 90' lang='lat' dir='ltr'>contineat</span> <span class='ocrx_word' id='word_1_366' title='bbox 878 2636 1005 2671; x_wconf 91' lang='lat' dir='ltr'>totam</span> <span class='ocrx_word' id='word_1_367' title='bbox 1045 2634 1218 2679; x_wconf 91' lang='lat' dir='ltr'>primam</span> <span class='ocrx_word' id='word_1_368' title='bbox 1245 2633 1473 2669; x_wconf 91' lang='lat' dir='ltr'>maneriam</span> <span class='ocrx_word' id='word_1_369' title='bbox 1510 2631 1729 2677; x_wconf 88' lang='lat' dir='ltr'>qualitatis,</span> <span class='ocrx_word' id='word_1_370' title='bbox 1767 2630 1825 2667; x_wconf 89' lang='lat' dir='ltr'>ita</span> <span class='ocrx_word' id='word_1_371' title='bbox 1857 2630 1981 2667; x_wconf 88' lang='lat' dir='ltr'>etiam</span> 
     </span>
     <span class='ocr_line' id='line_1_41' title="bbox 319 2694 1982 2744; baseline -0.003 -9"><span class='ocrx_word' id='word_1_372' title='bbox 319 2699 397 2735; x_wconf 90' lang='lat' dir='ltr'>hoc</span> <span class='ocrx_word' id='word_1_373' title='bbox 423 2699 515 2735; x_wconf 91' lang='lat' dir='ltr'>loco</span> <span class='ocrx_word' id='word_1_374' title='bbox 543 2699 682 2744; x_wconf 88' lang='lat' dir='ltr'>passio</span> <span class='ocrx_word' id='word_1_375' title='bbox 709 2700 848 2744; x_wconf 87' lang='lat' dir='ltr'>potest</span> <span class='ocrx_word' id='word_1_376' title='bbox 874 2698 1005 2744; x_wconf 90' lang='lat' dir='ltr'>accipi</span> <span class='ocrx_word' id='word_1_377' title='bbox 1031 2707 1105 2743; x_wconf 91' lang='lat' dir='ltr'>pro</span> <span class='ocrx_word' id='word_1_378' title='bbox 1133 2698 1210 2733; x_wconf 91' lang='lat' dir='ltr'>hac</span> <span class='ocrx_word' id='word_1_379' title='bbox 1237 2698 1324 2733; x_wconf 89' lang='lat' dir='ltr'>tota</span> <span class='ocrx_word' id='word_1_380' title='bbox 1349 2696 1470 2732; x_wconf 89' lang='lat' dir='ltr'>tertia</span> <span class='ocrx_word' id='word_1_381' title='bbox 1496 2695 1693 2732; x_wconf 89' lang='lat' dir='ltr'>maneria.</span> <span class='ocrx_word' id='word_1_382' title='bbox 1743 2694 1982 2731; x_wconf 80' lang='lat' dir='ltr'>Secundam</span> 
     </span>
     <span class='ocr_line' id='line_1_42' title="bbox 321 2757 1981 2807; baseline -0.002 -9"><span class='ocrx_word' id='word_1_383' title='bbox 321 2765 586 2807; x_wconf 73' lang='lat' dir='ltr'>qualitatem,</span> <span class='ocrx_word' id='word_1_384' title='bbox 619 2763 659 2799; x_wconf 90' lang='lat' dir='ltr'>id</span> <span class='ocrx_word' id='word_1_385' title='bbox 687 2766 750 2800; x_wconf 88' lang='lat' dir='ltr'>est</span> <span class='ocrx_word' id='word_1_386' title='bbox 785 2763 1068 2799; x_wconf 89' lang='lat' dir='ltr'>diversitatem</span> <span class='ocrx_word' id='word_1_387' title='bbox 1104 2771 1313 2799; x_wconf 91' lang='lat' dir='ltr'>sensuum.</span> <span class='ocrx_word' id='word_1_388' title='bbox 1364 2760 1474 2797; x_wconf 87' lang='lat' dir='ltr'>Alio</span> <span class='ocrx_word' id='word_1_389' title='bbox 1513 2769 1692 2805; x_wconf 88' lang='lat' dir='ltr'>namque</span> <span class='ocrx_word' id='word_1_390' title='bbox 1732 2768 1859 2795; x_wconf 89' lang='lat' dir='ltr'>sensu</span> <span class='ocrx_word' id='word_1_391' title='bbox 1897 2757 1981 2794; x_wconf 87' lang='lat' dir='ltr'>dul-</span> 
     </span>
     <span class='ocr_line' id='line_1_43' title="bbox 321 2823 2054 2874; baseline -0.004 -9"><span class='ocrx_word' id='word_1_392' title='bbox 321 2830 423 2865; x_wconf 88' lang='lat' dir='ltr'>cedo</span> <span class='ocrx_word' id='word_1_393' title='bbox 452 2829 564 2865; x_wconf 90' lang='lat' dir='ltr'>illata</span> <span class='ocrx_word' id='word_1_394' title='bbox 592 2829 846 2866; x_wconf 86' lang='lat' dir='ltr'>discernitur.</span> <span class='ocrx_word' id='word_1_395' title='bbox 873 2830 1043 2874; x_wconf 81' lang='lat' dir='ltr'>&lt;gustu&gt;</span> <span class='ocrx_word' id='word_1_396' title='bbox 1076 2827 1279 2867; x_wconf 87' lang='lat' dir='ltr'>videlicet,</span> <span class='ocrx_word' id='word_1_397' title='bbox 1323 2826 1421 2863; x_wconf 88' lang='lat' dir='ltr'>alio</span> <span class='ocrx_word' id='word_1_398' title='bbox 1453 2825 1567 2862; x_wconf 88' lang='lat' dir='ltr'>calor</span> <span class='ocrx_word' id='word_1_399' title='bbox 1599 2825 1665 2860; x_wconf 89' lang='lat' dir='ltr'>vel</span> <span class='ocrx_word' id='word_1_400' title='bbox 1696 2823 1836 2870; x_wconf 80' lang='lat' dir='ltr'>frigus,</span> <span class='ocrx_word' id='word_1_401' title='bbox 1869 2823 1981 2859; x_wconf 89' lang='lat' dir='ltr'>tactu</span> <span class='ocrx_word' id='word_1_402' title='bbox 2001 2829 2054 2861; x_wconf 79' lang='lat'>40,</span> 
     </span>
     <span class='ocr_line' id='line_1_44' title="bbox 321 2894 486 2930; baseline 0 -1"><span class='ocrx_word' id='word_1_403' title='bbox 321 2894 486 2930; x_wconf 89' lang='lat' dir='ltr'>scilicet.</span> 
     </span>
    </p>
   </div>
   <div class='ocr_carea' id='block_1_4' title="bbox 321 3011 1981 3119">
    <p class='ocr_par' dir='ltr' id='par_1_5' title="bbox 321 3011 1981 3119">
     <span class='ocr_line' id='line_1_45' title="bbox 463 3011 1981 3061; baseline -0.005 -8"><span class='ocrx_word' id='word_1_404' title='bbox 463 3022 503 3053; x_wconf 82' lang='lat'>21</span> <span class='ocrx_word' id='word_1_405' title='bbox 529 3022 619 3061; x_wconf 78' lang='lat' dir='ltr'>post</span> <span class='ocrx_word' id='word_1_406' title='bbox 646 3021 842 3060; x_wconf 90' lang='lat' dir='ltr'>qualitates</span> <span class='ocrx_word' id='word_1_407' title='bbox 871 3020 1012 3052; x_wconf 77' lang='lat' dir='ltr'>lacuna</span> <span class='ocrx_word' id='word_1_408' title='bbox 1038 3020 1079 3051; x_wconf 76' lang='lat' dir='ltr'>in</span> <span class='ocrx_word' id='word_1_409' title='bbox 1105 3018 1146 3057; x_wconf 85' lang='lat' dir='ltr'>A,</span> <span class='ocrx_word' id='word_1_410' title='bbox 1175 3019 1338 3051; x_wconf 77' lang='lat' dir='ltr'>sortasse</span> <span class='ocrx_word' id='word_1_411' title='bbox 1363 3018 1496 3050; x_wconf 72' lang='lat' dir='ltr'>excidit</span> <span class='ocrx_word' id='word_1_412' title='bbox 1519 3017 1686 3049; x_wconf 90' lang='lat' dir='ltr'>dicuntur</span> <span class='ocrx_word' id='word_1_413' title='bbox 1807 3015 1851 3048; x_wconf 90' lang='lat'>30</span> <span class='ocrx_word' id='word_1_414' title='bbox 1878 3014 1909 3047; x_wconf 90' lang='lat' dir='ltr'>si</span> <span class='ocrx_word' id='word_1_415' title='bbox 1931 3011 1981 3053; x_wconf 88' lang='lat' dir='ltr'>et]</span> 
     </span>
     <span class='ocr_line' id='line_1_46' title="bbox 321 3076 1314 3119; baseline -0.002 -8"><span class='ocrx_word' id='word_1_416' title='bbox 321 3080 399 3112; x_wconf 84' lang='lat' dir='ltr'>sive</span> <span class='ocrx_word' id='word_1_417' title='bbox 426 3079 451 3111; x_wconf 88' lang='lat' dir='ltr'><strong><em>A</em></strong></span> <span class='ocrx_word' id='word_1_418' title='bbox 554 3080 597 3111; x_wconf 83' lang='lat'>35</span> <span class='ocrx_word' id='word_1_419' title='bbox 625 3079 835 3119; x_wconf 88' lang='lat' dir='ltr'>passionem</span> <span class='ocrx_word' id='word_1_420' title='bbox 863 3078 892 3111; x_wconf 87' lang='lat' dir='ltr'><strong><em>A</em></strong></span> <span class='ocrx_word' id='word_1_421' title='bbox 992 3078 1034 3110; x_wconf 87' lang='grc'>36</span> <span class='ocrx_word' id='word_1_422' title='bbox 1064 3076 1168 3116; x_wconf 78' lang='lat' dir='ltr'>sicut]</span> <span class='ocrx_word' id='word_1_423' title='bbox 1195 3077 1248 3110; x_wconf 89' lang='lat' dir='ltr'>sic</span> <span class='ocrx_word' id='word_1_424' title='bbox 1274 3077 1314 3109; x_wconf 88' lang='lat' dir='ltr'>A.</span> 
     </span>
    </p>
   </div>
  </div>
 </body>
</html>
