2200 3387
397 231 426 261 2.
459 229 521 260 Die
550 228 708 259 (ilossen
738 234 780 258 zu
810 224 877 257 den
910 224 1140 263 lx'ategorien.
1245 223 1294 253 lle
1322 220 1611 253 ‹l‹·11‹»1nimuivis.
1815 218 1879 250 125

206 327 393 362 tionem
423 325 647 369 significari
677 323 849 359 dicimus
878 321 1056 366 aliquam
1087 320 1121 355 ei
1152 319 1445 364 proprietatem
1477 317 1775 360 ‹eoniumgimus
1805 316 1876 351 sed

206 392 340 436 potius
371 400 518 426 nomen
542 389 706 433 aliquod
731 387 821 423 eius
844 396 939 421 esse
963 384 1220 421 ostendimus
1245 384 1307 418 vel
1333 383 1581 418 intellectum
1607 382 1711 417 illius
1736 381 1875 416 haberi

203 458 254 492 ab
283 456 432 501 aliquo.
486 454 602 495 Quod
632 455 769 489 autem
799 451 961 487 dieitur:
1002 449 1250 494 ,specialitas
1288 451 1351 483 est
1385 448 1572 492 speeies.
1608 447 1876 482 seeundum

204 521 507 558 sententiam
552 522 789 555 nostram.
831 526 924 561 qua
960 516 1098 550 solas
1128 524 1276 549 voces
1323 523 1510 556 genera
1553 514 1625 547 rel
1675 513 1877 557 speeies

149 596 164 617 f·
203 587 454 632 appellari
496 586 736 620 volumus.
785 582 891 618 nulla
935 583 996 616 est
1037 580 1284 616 absurditas,
1333 579 1427 623 quia
1469 578 1550 613 alia
1591 578 1879 612 consideratur

153 1249 184 1274 15

150 1577 184 1602 20

148 2233 183 2255 :w

156 2875 185 2898 to

204 652 389 688 essentia
428 651 554 687 vocis.
592 649 673 685 alia
702 647 973 693 specialitatis
1002 646 1037 681 ei
1067 645 1309 681 adiacentis.
1350 654 1422 688 per
1450 653 1571 688 quam
1600 653 1732 686 genus
1760 652 1874 677 suum

205 728 285 753 vox
317 717 404 762 ipsa
441 715 619 760 respicit.
674 712 949 749 Secundum
987 721 1104 746 vero
1140 720 1305 746 eorum
1342 709 1643 745 sententiam
1681 708 1763 752 qui
1800 718 1878 742 res

205 782 407 828 proprie
444 790 630 825 genera
669 781 715 814 et
752 777 951 822 species
989 776 1264 821 appellant,
1303 775 1494 819 quaestio
1532 773 1720 809 occurrit.
1779 774 1875 808 Cum

204 847 312 884 enim
343 846 488 882 relatio
516 844 833 891 generalitatem
865 844 1056 887 respectu
1086 841 1357 886 specialitatis
1392 840 1553 875 habeat.
1590 841 1752 884 oportet
1789 848 1878 883 spe-

204 913 428 949 cialitatem
467 912 658 955 respectu
698 908 910 945 relationis
948 907 1248 952 specialitatem
1288 906 1512 950 suscipere.
1566 905 1616 940 At
1645 914 1744 940 vero
1782 914 1877 948 quo-

146 981 149 984 '
205 976 327 1012 modo
356 975 502 1012 eadem
533 984 600 1010 res
629 984 674 1009 se
703 974 834 1018 ipsam
866 970 1132 1007 informabit?
1185 970 1265 1006 Sed
1293 970 1472 1005 fortasse
1501 969 1661 1005 l'acilius
1686 979 1730 1004 se
1754 978 1878 1012 expe-

204 1042 328 1078 dient.
366 1041 433 1086 qui
471 1040 609 1076 dicunt
637 1048 768 1084 genus
803 1040 843 1074 et
877 1037 1054 1082 species.
1092 1036 1258 1081 quando
1292 1037 1387 1071 sunt
1415 1035 1581 1070 nomina
1610 1044 1757 1070 rerum.
1796 1044 1875 1069 non

205 1107 336 1152 accipi
366 1108 407 1142 ut
435 1108 599 1150 sumpta
627 1105 677 1140 ab
706 1104 912 1148 aliquibus
941 1102 1095 1138 l'ormis,
1124 1101 1232 1146 quod
1263 1111 1314 1136 ex
1345 1101 1445 1145 ipsis
1473 1100 1784 1135 definitionibus
1811 1109 1878 1142 ge-

205 1172 317 1209 neris
335 1174 376 1208 et
398 1171 553 1216 speciei
578 1170 805 1206 secundum
829 1169 907 1204 hoc
930 1168 1038 1212 quod
1061 1168 1186 1202 rebus
1209 1176 1282 1202 eas
1305 1166 1524 1211 applicant,
1546 1167 1683 1210 potest
1706 1165 1876 1200 ostendi.

207 1238 263 1274 lta
291 1237 400 1273 enim
429 1237 645 1281 exponunt
673 1244 817 1280 ,genus
845 1236 907 1270 est
935 1233 1044 1278 quod
1075 1232 1337 1277 praedicatur
1365 1232 1414 1267 de
1450 1231 1634 1275 pluribus
1663 1232 1762 1268 etex,
1802 1231 1878 1265 hoc

203 1306 266 1340 est
304 1312 354 1338 ea
392 1312 460 1338 res
497 1301 645 1337 dicitur
681 1309 814 1346 genus
855 1308 962 1343 quae
1003 1301 1066 1334 est
1106 1297 1291 1333 essentia
1332 1297 1589 1332 diversarum
1631 1296 1876 1340 specierum.

203 1368 370 1413 species
399 1376 500 1403 vero
529 1366 676 1403 dicitur
703 1365 811 1410 quod
841 1367 905 1400 est
931 1365 1006 1400 sub
1034 1373 1191 1409 genere
1220 1366 1308 1399 etc..
1337 1363 1374 1398 id
1404 1364 1467 1398 est
1495 1371 1601 1406 quae
1628 1361 1758 1406 primo
1787 1362 1877 1396 loco

203 1434 346 1479 generi
386 1433 423 1468 in
462 1432 648 1468 essentia
689 1431 944 1476 supponitur.
982 1429 1090 1474 quod
1126 1430 1255 1464 totum
1290 1428 1328 1463 in
1358 1427 1593 1463 substantia
1621 1437 1756 1463 rerum
1785 1428 1878 1462 sub-

204 1499 353 1535 sistere
391 1500 535 1544 posset
572 1497 762 1533 omnibus
799 1505 964 1541 quoque
992 1494 1163 1531 remotis
1194 1493 1490 1530 accidentibus.
1544 1492 1626 1528 Etsi
1655 1492 1761 1528 enim
1792 1502 1878 1527 cor—

206 1564 318 1610 poris
353 1566 393 1600 et
426 1563 595 1609 spiritus
630 1561 906 1598 substantiam
935 1560 1128 1596 omnibus
1156 1559 1441 1595 accidentibus
1471 1559 1558 1594 suis
1586 1558 1755 1603 spoliari
1785 1567 1878 1593 con-

204 1629 393 1675 tingeret.
422 1638 504 1664 non
527 1628 662 1664 minus
686 1626 871 1663 definitio
895 1626 1062 1671 generis
1085 1625 1346 1661 substantiae
1369 1626 1583 1669 aptaretur
1605 1624 1667 1659 vel
1692 1623 1876 1659 definitio

205 1693 361 1739 speciei
399 1693 559 1738 spiritui
595 1692 658 1727 vel
697 1691 873 1736 corpori.
929 1691 1045 1726 Unde
1074 1692 1114 1726 et
1142 1692 1238 1726 tunc
1266 1699 1431 1734 quoque
1459 1698 1592 1734 genus
1621 1689 1685 1724 vel
1714 1688 1878 1732 species

205 1759 452 1796 dicerentur.
482 1768 572 1794 cum
597 1760 734 1794 tamen
759 1766 835 1792 nec
856 1756 1173 1801 generalitatem
1198 1756 1262 1791 vel
1286 1755 1586 1800 specialitatem
1614 1763 1689 1789 nec
1711 1753 1874 1797 aliquod

204 1824 399 1861 accidens
436 1824 650 1859 haberent.
704 1822 820 1858 Unde
859 1822 961 1858 haec
1000 1821 1167 1857 nomina
1204 1822 1379 1865 apparet
1415 1829 1548 1865 genus
1586 1821 1625 1855 et
1662 1819 1825 1864 species
1853 1829 1875 1853 a

150 1903 165 1916 ⁰
206 1889 529 1936 proprietatibus
558 1890 721 1933 sumpta
750 1897 831 1923 non
861 1896 957 1924 esse
986 1896 1062 1922 nec
1091 1896 1142 1922 ea
1166 1886 1341 1921 relativa
1362 1885 1439 1921 dici
1462 1886 1657 1930 quantum
1682 1885 1732 1919 ad
1755 1884 1876 1928 signi-

202 1956 438 1992 ficationem
470 1955 728 1991 relationum.
762 1954 834 1989 sed
865 1953 995 1999 magis
1017 1954 1214 1997 quantum
1243 1952 1293 1987 ad
1319 1951 1481 1987 modum
1511 1950 1796 1996 impositionis.
1826 1960 1875 1985 eo

202 2021 395 2057 videlicet
431 2020 540 2065 quod
579 2020 683 2056 haec
720 2028 786 2055 res
824 2020 901 2054 hoc
938 2018 1106 2054 nomine
1145 2017 1197 2053 sit
1225 2019 1375 2053 vocata
1408 2019 1601 2062 respectu
1640 2016 1757 2051 illius.
1811 2015 1876 2050 Sic

203 2085 309 2122 enim
348 2085 600 2121 chimaeram
637 2086 839 2120 remotam
877 2084 929 2119 ab
968 2083 1133 2118 homine
1162 2082 1228 2118 vel
1257 2082 1490 2127 oppositam
1520 2081 1673 2117 homini
1703 2080 1876 2117 dicimus

204 2150 431 2187 secundum
461 2150 538 2185 hoc
566 2150 736 2186 tantum.
771 2148 879 2193 quod
910 2148 997 2193 ipsa
1026 2157 1107 2183 non
1137 2149 1201 2183 est
1228 2147 1364 2182 homo
1399 2156 1574 2190 eamque
1605 2146 1680 2181 hoc
1710 2146 1875 2181 nomine

203 2215 312 2260 quod
347 2217 408 2252 est
443 2214 690 2260 oppositum.
727 2215 922 2259 respectu
951 2213 1129 2248 hominis
1159 2212 1420 2248 nominamus
1450 2212 1599 2247 nullam
1629 2211 1665 2247 ei
1695 2211 1876 2256 proprie-

204 2282 330 2316 tatem
352 2280 567 2316 relationis
589 2280 876 2315 attribuentes.
899 2279 971 2314 sed
994 2278 1126 2323 magis
1150 2278 1227 2313 hoc
1250 2277 1416 2313 nomine
1440 2279 1675 2321 respectum
1700 2277 1875 2312 hominis

205 2346 552 2382 demonstrantes.
606 2345 647 2380 Si
669 2345 760 2389 quis
783 2347 921 2380 autem
945 2344 1022 2379 hoc
1044 2353 1195 2379 nomen
1219 2343 1494 2387 ‚generalitas
1523 2342 1587 2377 vel
1618 2342 1874 2387 specialitas·

205 2411 454 2456 quandoque
492 2411 686 2448 inveniat.
725 2419 803 2446 non
843 2412 938 2445 sunt
977 2409 1149 2458 alicuius
1182 2409 1341 2444 formae
1377 2408 1650 2453 designativa.
1687 2407 1761 2443 sed
1790 2409 1875 2443 tan·
1909 2403 1919 2410 “

205 2475 373 2511 tundem
411 2475 550 2510 valent
587 2475 782 2519 quantum
821 2483 953 2519 genus
982 2474 1044 2509 vel
1083 2472 1259 2518 species.
1289 2481 1395 2517 quae
1425 2481 1559 2516 neque
1588 2481 1685 2508 esse
1713 2474 1874 2516 sumpta

170 2550 184 2571 ἰ
206 2540 432 2576 secuudum
460 2540 734 2585 posteriorem
765 2539 1014 2575 sententiam
1038 2539 1088 2575 de
1111 2539 1235 2574 rebus
1259 2538 1528 2573 ostendimus.
1582 2532 1875 2573 Nam'.unive1·-

204 2604 357 2640 salitas·
394 2604 458 2639 vel
493 2604 781 2649 ,singularitas
811 2604 900 2639 sive
931 2603 1258 2648 particularitas
1290 2612 1362 2647 pro
1392 2601 1618 2637 universali
1646 2601 1709 2636 vel
1739 2601 1875 2645 singu-

206 2669 276 2704 lari
301 2669 363 2704 vel
389 2669 624 2713 particulari
649 2669 887 2704 Boethius
910 2669 1151 2713 frequenter
1172 2668 1306 2703 utitur.
1360 2667 1424 2702 Ait
1447 2667 1552 2702 enim
1582 2666 1624 2701 in
1655 2666 1874 2701 seeundo

205 2734 488 2769 Commento
517 2743 667 2778 super
695 2733 1017 2778 Porphyrium
1037 2736 1058 2769 ¹.
1087 2742 1177 2768 cum
1206 2732 1449 2768 ostenderet
1476 2732 1651 2767 eandem
1682 2741 1765 2766 rem
1791 2731 1874 2766 uni—

206 2799 356 2834 versali
385 2801 425 2834 et
454 2798 689 2843 particulari
724 2799 876 2834 nomini
905 2799 1133 2834 subiacere.
1172 2800 1213 2833 ut
1241 2797 1453 2832 Socratem
1493 2797 1559 2841 qui
1598 2799 1637 2832 et
1676 2796 1796 2831 homo
1835 2799 1873 2831 et

205 2864 356 2902 animal
393 2865 565 2899 vocatur
601 2865 641 2899 et
675 2862 886 2899 Socrates:
943 2863 1130 2899 Eadem:
1169 2861 1309 2906 inquit.
1349 2862 1467 2898 ,linea
1506 2871 1609 2897 cava
1647 2863 1687 2896 et
1723 2861 1868 2896 eadem
1900 2869 1920 2900 s.
1955 2869 2022 2900 iss·

206 2938 332 2964 curva
369 2931 441 2964 est.
496 2928 552 2964 lta
580 2938 744 2974 quoque
773 2928 996 2973 generibus
1025 2931 1065 2964 et
1092 2927 1322 2972 speciebus.
1362 2927 1398 2962 id
1435 2929 1497 2962 est
1531 2926 1803 2971 singularitati
1834 2929 1873 2962 et

349 3051 385 3082 21
421 3051 605 3081 {letaretur
632 3050 656 3082 .-1
785 3050 826 3081 27
857 3049 946 3081 haec
975 3049 1119 3081 nomina
1148 3049 1171 3082 ,l
1277 3049 1313 3080 :31
1349 3050 1517 3089 respectu
1547 3048 1570 3080 ,l

351 3120 356 3142 ¹
389 3120 548 3155 Boeth..
580 3119 619 3152 1η
651 3118 786 3159 ΙόνμΙι.
816 3119 837 3150 Ι.
867 3129 904 3156 v..
935 3128 966 3158 p.
999 3119 1061 3150 167
1091 3115 1168 3149 33-7‘.
