2200 3387
290 200 312 233 8
706 203 810 234 Peter
837 202 1040 235 Abaelards
1067 203 1202 242 Logica
1229 204 1553 244 ,lugi-edimitibus‘.

292 299 352 334 eis
389 299 534 344 posita.
592 299 707 335 Duae
743 301 836 334 sunt
879 308 1057 343 namque
1100 299 1438 344 incorporeorum
1487 300 1688 345 species¹‚
1731 301 1826 346 quia
1867 301 1949 337 alia

293 366 460 408 praeter
494 364 705 399 sensibilia
740 363 829 408 ipsa
862 363 901 399 in
938 373 1013 400 sua
1047 364 1368 409 incorporeitate
1405 374 1652 410 permanere
1688 367 1870 410 possunt,
1906 367 1950 401 ut

292 428 403 464 Deus
431 431 471 464 et
498 429 646 466 anima.
675 428 755 464 alia
777 437 876 464 vero
904 430 1071 473 praeter
1097 429 1307 465 sensibilia
1335 429 1426 474 ipsa
1453 429 1492 465 in
1519 430 1665 474 quibus
1692 432 1796 471 sunt,
1824 430 1949 466 nulla-

293 497 412 529 tenus
452 503 547 529 esse
589 494 738 530 valent.
786 495 827 529 ut
864 493 972 529 linea
1014 494 1171 539 absque
1210 494 1396 530 subiecto
1436 504 1622 539 corpore.
1686 495 1769 531 Has
1812 496 1948 532 autem

293 558 561 603 quaestiones
604 558 663 594 sic
702 559 942 594 transcurrit
981 558 1139 595 dicens:
1179 559 1276 594 Mor
1317 560 1366 595 (Ie
1400 560 1624 603 {levioribus
1655 561 1692 595 et
1737 560 1985 604 speciebuss

295 624 403 659 illud
423 624 592 668 quidem
623 624 758 659 «licere
787 624 985 659 recusabo
1005 624 1091 659 sive
1110 625 1339 659 subsistant
1362 626 1437 660 etc.
1464 625 1550 660 sive
1570 624 1662 669 ipsa
1680 625 1950 661 subsistentia

291 688 374 723 sin!
414 688 660 732 corporalia
705 698 760 723 (ιη
804 688 1094 732 Involvat-alia
1142 690 1177 723 (Ἰ
1222 690 1363 723 ulrum
1415 688 1506 733 ipsa
1544 698 1635 724 cum
1674 689 1953 734 incorporalia

293 752 491 790 dicantur,
525 754 771 797 separentur
803 763 827 788 a
861 753 1132 788 sensibilibus
1159 755 1234 788 etc.
1268 755 1303 788 (Ἰ
1336 753 1447 788 eirea
1480 763 1527 789 ea
1562 754 1814 789 constantia.
1864 753 1952 789 Hoc

292 817 469 853 diversis
496 817 628 853 modis
657 817 787 862 accipi
815 819 962 863 potest.
1015 817 1080 853 Sic
1102 818 1210 853 enim
1232 818 1439 862 possimus
1468 817 1670 863 accipere,
1698 828 1747 854 ac
1768 818 1951 855 sidicat:

292 883 397 918 haec
423 882 501 918 tria
528 892 653 927 supra
680 882 816 927 posita
843 883 892 918 de
927 883 987 918 eis
1021 883 1223 918 recusabo
1260 883 1397 919 dicere
1435 885 1475 918 et
1510 883 1591 919 alia
1626 884 1830 928 quaedam
1858 893 1953 919 con·
1975 894 2006 919 10

293 947 444 983 stantia
472 947 583 983 circa
610 957 672 987 ea,
700 947 851 992 quippe
880 947 982 983 istas
1010 949 1093 983 tres
1122 947 1398 992 quaestiones.
1432 948 1607 984 Possunt
1644 950 1683 984 et
1719 948 1826 984 aliae
1861 947 1953 984 fieri

294 1013 343 1048 de
383 1012 541 1047 eisdem
580 1022 686 1056 quae
721 1012 907 1048 similiter
941 1012 1127 1048 difficiles
1161 1014 1266 1050 sunt,
1307 1013 1412 1048 sicut
1451 1015 1513 1048 est
1550 1013 1619 1048 illa
1657 1013 1708 1049 de
1748 1012 1953 1049 communi

293 1087 421 1113 eausa
456 1077 729 1122 impositionis
761 1077 1056 1113 universalium
1091 1077 1299 1113 nominum
1341 1087 1447 1122 quae
1489 1077 1581 1122 ipsa
1622 1078 1684 1119 sit,
1727 1077 1953 1114 secundum

294 1143 402 1187 quod
431 1142 587 1178 scilicet
614 1152 681 1178 res
709 1142 902 1178 diversae
930 1142 1193 1181 conveniunt.
1222 1143 1286 1178 vel
1315 1142 1382 1178 illa
1403 1143 1527 1178 etiam
1556 1143 1606 1179 de
1634 1143 1843 1179 intellectu
1869 1142 1954 1178 uni-

293 1207 516 1243 versalium
544 1207 765 1246 nominum.
794 1217 874 1252 quo
902 1208 1014 1243 nulla
1040 1217 1108 1243 res
1136 1208 1297 1252 concipi
1333 1207 1497 1243 videtur
1532 1217 1609 1244 nec
1646 1208 1696 1243 de
1733 1208 1870 1253 aliqua
1908 1217 1953 1244 re
1976 1215 2007 1241 15

293 1278 359 1323 agi
374 1288 448 1323 per
463 1278 742 1314 universalem
755 1288 912 1317 vocem,
930 1280 969 1314 et
985 1279 1091 1314 aliae
1113 1279 1265 1314 multae
1281 1278 1482 1314 difficiles.
1510 1279 1732 1315 Possumus
1754 1279 1814 1315 sic
1829 1288 1956 1324 expo-

293 1353 393 1379 nere
422 1345 473 1384 ‚et
500 1343 609 1379 circa
629 1346 728 1384 <ea>
750 1344 1005 1384 constantia,
1036 1346 1078 1379 ut
1105 1345 1329 1388 quartam
1358 1344 1645 1389 quaestionem
1672 1344 1956 1386 adnectamus,

294 1408 451 1445 scilicet
478 1410 679 1445 utrum-et
705 1418 863 1453 genera
898 1410 939 1444 et
974 1409 1148 1453 species,
1177 1409 1371 1453 quamdiu
1397 1418 1555 1454 genera
1583 1410 1623 1445 et
1655 1409 1818 1454 species
1851 1408 1968 1451 sunt(

293 1483 470 1510 necesse
517 1474 568 1509 sit
607 1473 835 1510 subiectam
874 1483 949 1518 per
987 1474 1312 1510 nominationem
1350 1484 1437 1510 rem
1483 1474 1663 1518 aliquam
1707 1473 1865 1510 habere
1902 1483 1955 1510 an

293 1540 394 1585 ipsis
427 1549 590 1584 quoque
624 1539 847 1575 nominatis
883 1539 1008 1574 rebus
1042 1539 1264 1574 destructis
1299 1549 1351 1575 ex
1386 1539 1689 1585 significatione
1722 1539 1955 1575 intellectus
1976 1545 2011 1571 20

294 1607 390 1640 tunc
417 1614 581 1649 quoque
603 1604 735 1649 possit
756 1604 992 1640 universale
1015 1603 1256 1645 consistere,
1285 1606 1327 1640 ut
1349 1604 1426 1640 hoc
1453 1613 1604 1640 nomen
1633 1608 1762 1645 ,rosa‘,
1790 1604 1955 1649 quando

294 1670 405 1705 nulla
430 1671 494 1706 est
520 1679 707 1705 rosarum
734 1669 881 1714 quibus
903 1678 1120 1705 commune
1142 1669 1203 1704 sit.
1255 1669 1320 1705 De
1348 1669 1422 1705 his
1451 1670 1611 1705 autem
1640 1679 1699 1714 qu
1712 1669 1874 1705 aestio
1888 1668 1956 1705 ni-

294 1735 382 1770 bus
411 1734 705 1780 diligentius
734 1734 989 1779 posterius
1018 1734 1400 1779 disputabimus.

437 1798 518 1834 Sed
546 1808 653 1834 nunc
681 1798 882 1843 prooemii
916 1798 1077 1834 literam
1104 1807 1415 1843 prosequamur.
1460 1798 1576 1839 Nota,
1605 1808 1696 1834 cum
1723 1799 1796 1835 ait:
1824 1800 1959 1844 ,mosrss

295 1862 334 1898 id
362 1864 426 1898 est
452 1862 664 1907 praesenti
692 1864 879 1901 tractatu.
913 1862 952 1897 id
980 1871 1073 1898 eum
1108 1862 1412 1907 quodammodo
1448 1863 1634 1903 innuere,
1670 1864 1714 1899 ut
1748 1863 1844 1899 alibi
1879 1865 1956 1901 sol·
1975 1869 2010 1895 25

295 1928 453 1964 vendas
481 1928 556 1963 has
583 1928 849 1972 quaestiones
870 1928 1000 1963 lector
1021 1929 1249 1973 exspectet.
1300 1928 1571 1964 Altissimum
1599 1928 1725 1964 enim.
1777 1928 1956 1966 Causam

295 1993 498 2038 supponit.
527 2002 655 2037 quare
682 1993 747 2028 hic
774 1993 825 2028 ab
853 1992 916 2028 his
950 1992 1263 2037 quaestionibus
1302 1993 1521 2034 abstineat,
1561 1993 1658 2038 quia
1700 1993 1857 2030 scilicet
1884 2004 1957 2031 eas

294 2058 473 2092 tractare
502 2056 745 2092 altissimum
773 2059 837 2092 est
864 2057 1062 2100 quantum
1099 2056 1151 2091 ad
1179 2055 1375 2092 lectorem
1411 2056 1479 2100 qui
1516 2056 1569 2092 ad
1608 2066 1682 2092 eas
1718 2057 1956 2103 pertingere

295 2131 378 2157 non
406 2121 547 2166 possit,
576 2121 684 2165 quod
712 2121 848 2156 statim
883 2120 1142 2156 determinat.
1194 2121 1242 2156 Et
1275 2121 1458 2156 maioris
1492 2121 1790 2166 inquisitionis
1822 2132 1957 2166 essens,

121 2215 255 2250 Boeth.
296 2187 446 2232 quippe
468 2196 560 2222 cum
581 2188 725 2222 auctor
745 2185 924 2222 sufficiat
950 2186 1003 2221 ad
1024 2185 1280 2223 solvendum.
1309 2186 1439 2222 lector
1458 2196 1543 2222 non
1573 2186 1724 2222 sufficit
1745 2187 1797 2223 ad
1826 2187 1956 2232 inqui-
1975 2194 2010 2219 30

108 2280 142 2313 p.
164 2270 265 2304 “3721
294 2252 478 2288 rendum.
506 2251 681 2291 Maioris,
697 2251 875 2295 inquam,
892 2250 1180 2295 inquisitionis.
1198 2260 1320 2296 quam
1333 2252 1403 2287 tua
1417 2251 1478 2287 sit.
1502 2251 1618 2287 Illud
1630 2261 1738 2288 vero.
1767 2252 1957 2288 Ostensis

296 2317 358 2353 his
387 2326 493 2361 quae
521 2316 678 2353 reticet.
706 2316 827 2352 docet
854 2325 905 2351 ea
933 2325 1039 2360 quae
1060 2316 1185 2360 ponit,
1213 2316 1281 2352 illa
1307 2315 1464 2352 scilicet
1490 2326 1597 2361 quae
1625 2317 1674 2352 de
1700 2317 1777 2360 his,
1802 2325 1958 2363 genere

296 2381 489 2418 videlicet
510 2384 551 2417 et
571 2381 711 2426 specie
733 2391 782 2416 ac·
803 2381 851 2416 (le
872 2381 961 2416 aliis
985 2381 1115 2417 tribus
1134 2381 1384 2425 propositis,
1405 2381 1589 2426 antiqui,
1610 2391 1692 2418 non
1714 2383 1852 2418 aetate
1875 2381 1958 2427 qui-

297 2448 401 2484 dem.
423 2447 496 2483 sed
518 2456 656 2487 sensu,
678 2448 965 2482 tracmverzmt.
981 2446 1267 2490 probabiliter
1288 2446 1327 2482 id
1350 2448 1413 2482 est
1433 2446 1722 2487 verisimiliter,
1747 2446 1789 2483 in
1810 2447 1957 2492 quibus

297 2511 453 2547 scilicet
485 2520 628 2546 omnes
655 2513 941 2546 convenerunt
967 2520 1044 2546 nec
1066 2510 1147 2546 ulla
1170 2510 1244 2546 fuit
1277 2510 1496 2546 dissensio.
1535 2510 1637 2546 Nam
1663 2511 1705 2546 in
1733 2510 1957 2555 praedictis
1977 2523 2012 2549 35

297 2575 611 2621 quaestionibus
646 2575 924 2611 dissolvendis
959 2575 1026 2611 alii
1063 2575 1183 2611 aliter
1214 2577 1254 2611 et
1288 2575 1356 2611 alii
1389 2575 1508 2611 aliter
1541 2575 1788 2612 sentiebant.
1839 2575 1957 2612 Unde

297 2641 561 2677 Boethius-²
587 2640 913 2676 Aristotelem
941 2642 1237 2676 commemorat
1264 2649 1421 2686 genera
1447 2642 1489 2676 et
1509 2640 1673 2685 species
1694 2640 1735 2676 in
1756 2640 1959 2677 sensibili-

297 2707 373 2742 bus
400 2708 557 2741 tantum
594 2706 698 2741 velle
733 2705 974 2745 subsistere,
1011 2706 1131 2741 extra
1167 2706 1305 2740 autem
1340 2705 1521 2750 inteIIIgi,
1561 2704 1818 2741 Platonem
1857 2714 1958 2742 vero

298 2779 378 2805 non
408 2770 537 2805 solum
567 2779 617 2805 ea
645 2771 765 2805 extra
791 2769 1003 2805 sensibilia
1030 2769 1212 2813 intelligi,
1240 2778 1382 2804 verum
1411 2769 1535 2804 etiam
1569 2778 1676 2806 esse.
1728 2769 1776 2805 Et
1803 2771 1958 2806 horum

298 2835 481 2879 (ιηῖίᾳῑιί,
508 2834 610 2872 dico.
639 2836 679 2869 et
707 2834 891 2869 maxime
912 2834 1190 2878 Peripatetici,
1217 2843 1313 2878 pars
1335 2833 1492 2869 scilicet
1511 2834 1658 2870 horum
1678 2834 1957 2880 antiquorum;
1977 2850 2012 2876 40

298 2899 594 2944 Peripateticos
617 2900 753 2935 autem
777 2899 1016 2935 dialecticos
1045 2908 1118 2934 seu
1147 2898 1353 2943 quoslibet
1379 2900 1738 2944 argumentatores
1766 2899 1957 2944 appellat.

442 3016 481 3046 21
512 3023 597 3046 rosa
620 3012 780 3054 quando]
802 3023 861 3046 res
883 3017 954 3054 aqn
970 3013 1000 3045 A
1087 3014 1130 3045 25
1153 3013 1305 3053 alibetA
1403 3014 1443 3046 41
1473 3014 1637 3054 appellat
1650 3013 1697 3052 ΑΖ
1724 3013 1956 3055 appellantA

442 3078 450 3099 ¹
481 3079 639 3117 Boeth„
668 3079 689 3110 l.
718 3088 756 3115 r„
786 3088 817 3118 p.
849 3077 967 3110 160‘33.
1095 3078 1109 3098 '-'
1135 3078 1295 3116 Boeth.‚
1325 3078 1346 3110 l.
1375 3088 1412 3117 (a,
1441 3088 1474 3119 p.
1506 3078 1622 3111 16712.
