2200 3387
334 241 376 274 74
748 242 851 273 Peter
878 242 1081 274 Abaelards
1108 242 1243 281 Logica
1271 241 1594 282 ,Ingredientibus‘.

335 339 488 373 visivas
518 348 612 373 esse
641 340 831 382 respectu
861 338 1042 383 supremi
1069 338 1235 383 generis
1262 338 1370 382 quod
1399 339 1462 373 est
1495 337 1737 375 substantia.
1772 339 1813 374 et
1845 338 1995 374 consti-

336 404 486 438 tutivas
515 405 705 447 respectu
734 403 964 447 specierum
994 403 1094 438 eius.
1146 403 1350 438 Animata
1380 404 1414 437 e!
1448 403 1669 438 sensibilis.
1722 402 1809 438 Hae
1837 402 1996 438 scilicet

336 467 633 503 differentiales
661 477 787 503 voces
825 467 988 503 iunctae
1025 477 1115 502 cum
1154 467 1319 502 nomine
1357 466 1615 502 substantiae
1651 466 1869 511 perficiunt
1905 476 1996 503 sen-

342 533 509 568 tentiam
539 533 601 567 vel
631 532 911 568 definitionem
941 532 1173 576 specierum
1202 531 1378 566 nominis
1406 531 1516 575 quod
1543 532 1607 566 est
1633 531 1795 566 animal.

485 596 696 638 Quonam}
727 606 838 638 erm).
890 595 999 631 Istud
1023 603 1143 639 ergo·
1167 604 1219 630 ex
1240 594 1509 639 sequentibus
1530 595 1683 639 pendet
1704 594 1776 630 ita:
1804 595 1997 639 quoniam
2017 601 2033 625 5

342 660 514 696 eaedem
543 660 802 696 differentiae
831 660 1121 695 constitutivae
1150 661 1244 694 sunt
1271 661 1311 694 et
1339 659 1542 694 divisivae
1570 659 1650 694 alio
1673 659 1836 703 quidem
1858 660 1898 694 et
1917 659 1997 695 alio

338 728 540 769 respectu.
570 734 668 769 ergo
698 735 842 760 omnes
870 725 1093 769 specificae
1122 726 1226 759 sunt.
1279 724 1311 759 A
1349 732 1487 759 causa.
1540 723 1591 759 Ut
1627 723 1734 759 enim
1776 723 1997 768 specificae

339 790 429 825 sint.
467 790 546 825 duo
575 790 678 825 haec
707 789 949 825 necessaria
985 792 1090 826 sunt,
1131 791 1173 824 ut
1209 788 1392 824 dividere
1433 788 1593 832 possint
1629 790 1669 823 et
1705 788 1997 824 discretionem

339 856 389 890 ab
426 855 507 890 alia
543 854 683 899 specie
723 855 862 889 facere
899 856 939 889 et
978 854 1160 898 speciem
1201 854 1316 889 cuius
1357 853 1547 888 dicuntur
1585 862 1692 893 esse,
1732 852 1996 889 constituere.

340 919 386 954 Et
427 919 503 957 his,
543 918 698 953 scilicet
735 917 987 957 differentiis,
1028 919 1102 952 etc.
1164 917 1434 952 Commendat
1476 916 1708 952 huiusmodi
1745 916 1999 952 differentias
2022 927 2053 952 lo

339 992 412 1028 per
444 982 669 1018 divisiones
701 991 898 1027 generum
937 983 977 1017 et
1016 981 1279 1017 definitiones
1316 981 1561 1026 specierum,
1601 981 1653 1016 ad
1692 990 1795 1025 quas
1835 990 1998 1026 compo-

340 1048 498 1083 nendas
526 1047 704 1082 maxime
726 1049 819 1082 sunt
840 1046 1119 1082 necessariae.
1171 1046 1249 1081 Nee
1271 1047 1410 1090 mamis
1431 1047 1508 1089 his,
1528 1047 1606 1082 hoc
1625 1047 1689 1082 est
1709 1046 1831 1081 immo
1856 1045 1998 1087 minus,

339 1123 442 1157 opus
471 1115 544 1148 est.
572 1122 681 1156 qaae
706 1114 804 1147 sunt
831 1112 1103 1155 separabiles.
1156 1110 1318 1150 Quanto
1348 1111 1456 1146 enim
1484 1111 1615 1156 magis
1648 1111 1848 1147 recedunt
1879 1120 1904 1146 a
1930 1120 1999 1146 na-

339 1181 429 1212 tura
475 1177 811 1213 differentiarum.
857 1178 971 1212 tanto
1016 1176 1151 1211 minus
1192 1178 1287 1211 sunt
1325 1177 1496 1221 (aptae)
1535 1176 1587 1211 ad
1633 1175 1811 1211 officium
1856 1184 1998 1211 earum

337 1242 636 1287 complendum.
2021 1257 2052 1283 15

479 1308 593 1349 (gaas
626 1306 753 1341 etfam
790 1306 1120 1341 determinantes
1155 1305 1400 1349 philosophi,
1437 1305 1477 1340 id
1515 1306 1578 1340 est
1613 1314 1696 1340 non
1732 1304 1864 1340 solum
1901 1303 1999 1340 divi-

339 1371 498 1411 dentes,
527 1371 600 1406 sed
624 1370 748 1406 etiam
771 1370 1030 1411 definientes,
1059 1370 1224 1406 ‹lieanst
1250 1370 1487 1405 differentia
1517 1371 1584 1405 est.
1635 1369 1748 1404 Haec
1776 1368 1998 1413 descriptio

339 1445 488 1471 vocum
510 1438 573 1471 est
594 1437 762 1473 tantum,
790 1435 916 1471 veluti
936 1436 1124 1471 istarum:
1153 1444 1410 1479 corporeum,
1437 1434 1675 1475 animatum,
1702 1434 1919 1475 rationale,
1955 1434 1997 1469 et

340 1504 403 1537 est
430 1508 595 1536 sensus:
625 1501 858 1536 differentia
887 1502 951 1536 est
976 1501 1084 1538 illud,
1112 1500 1152 1535 in
1181 1500 1389 1536 sententia
1410 1500 1526 1535 cuius
1548 1499 1730 1544 speciale
1752 1498 1998 1535 vocabulum

339 1566 520 1602 abundat
548 1575 572 1601 a
599 1565 794 1611 generali,
823 1567 865 1600 ut
892 1564 988 1610 [est]
1016 1565 1137 1601 homo
1167 1565 1205 1600 id
1233 1566 1361 1600 totum
1388 1564 1428 1600 in
1451 1564 1659 1600 sententia
1680 1573 1756 1599 sua
1775 1563 2052 1608 contineat‚120

340 1630 448 1674 quod
477 1629 638 1669 animal,
667 1629 817 1673 quippe
846 1629 883 1665 id
912 1630 1040 1665 totum
1062 1628 1264 1674 proponit,
1285 1628 1393 1672 quod
1414 1628 1646 1663 substantia
1666 1627 1849 1663 animata
1869 1626 1999 1663 sensi-

340 1694 440 1730 bilis.
492 1694 663 1739 Insuper
692 1694 875 1730 continet
901 1694 941 1729 in
969 1703 1097 1729 sensu
1125 1703 1199 1729 suo
1234 1693 1436 1729 rationale
1470 1694 1511 1728 et
1546 1692 1732 1731 mortale,
1760 1701 1867 1736 quae
1904 1692 1999 1727 sunt

341 1759 611 1800 differentiae,
646 1769 748 1803 quas
782 1759 822 1794 in
857 1768 984 1794 sensu
1019 1768 1092 1794 suo
1130 1768 1211 1794 non
1248 1758 1431 1794 continet
1469 1757 1632 1799 animal,
1667 1758 1791 1802 atque
1827 1757 1921 1793 ideo
1956 1756 1996 1792 in

340 1825 429 1860 istis
457 1823 699 1860 differentiis
726 1824 848 1859 homo
876 1824 976 1865 (ab)
1003 1823 1170 1859 animali
1197 1823 1390 1858 abundat.

482 1887 758 1932 Opponitur
784 1889 932 1928 autem,
956 1888 1064 1932 quod
1085 1888 1163 1922 hoc
1185 1896 1336 1923 nomen
1359 1887 1501 1931 ‚quale‘
1525 1885 1751 1921 secundum
1772 1886 1879 1921 hanc
1900 1885 1998 1921 defi·
2017 1893 2052 1919 25

341 1953 536 1988 nitionem
564 1952 797 1988 differentia
824 1952 876 1987 sit
903 1952 1099 1996 corporis.
1151 1951 1251 1987 Cum
1279 1951 1388 1987 enim
1415 1960 1565 1996 corpus
1601 1950 1642 1986 in
1679 1949 1888 1986 sententia
1923 1959 2000 1986 sua

341 2026 584 2061 corporeum
612 2018 761 2054 teneat.
790 2025 1035 2059 corporeum
1056 2025 1157 2051 vero
1179 2015 1311 2060 quale,
1339 2015 1443 2050 sicut
1469 2014 1725 2059 corporeitas
1748 2013 1998 2058 qualitatem,

341 2083 514 2126 oportet.
536 2083 578 2116 ut
594 2090 742 2125 corpus
758 2080 877 2115 huius
894 2090 1057 2124 quoque
1073 2080 1262 2120 nominis,
1284 2080 1392 2124 quod
1415 2081 1478 2115 est
1499 2079 1631 2123 quale,
1654 2078 1997 2124 significationem

341 2147 491 2181 teneat.
525 2145 563 2179 in
593 2154 672 2189 qua
705 2154 729 2179 a
762 2144 927 2180 nomine
965 2144 1222 2180 substantiae
1259 2144 1451 2179 abundat.
1503 2143 1554 2178 At
1589 2151 1689 2178 vero
1726 2142 1847 2187 quale
1885 2141 1999 2178 diffe-

341 2210 474 2246 rentia
501 2219 594 2245 esse
621 2219 702 2245 non
730 2211 877 2253 potest,
905 2219 995 2245 cum
1024 2219 1145 2244 unam
1173 2209 1355 2253 speciem
1382 2209 1433 2244 ab
1455 2208 1535 2244 alia
1562 2217 1644 2243 non
1666 2208 1845 2252 separet,
1873 2208 1996 2252 atque
2017 2221 2052 2244 30

340 2274 433 2309 ideo
462 2283 538 2309 nec
565 2283 695 2319 genus
724 2273 888 2309 dividat.
940 2272 1081 2308 Omnis
1109 2282 1287 2317 namque
1321 2272 1553 2308 substantia
1580 2271 1711 2316 qualis
1746 2272 1818 2311 est,
1857 2271 1898 2307 id
1935 2272 2000 2307 est

343 2338 537 2382 qualitate
565 2337 702 2381 aliqua
727 2338 914 2372 formata.
938 2342 942 2344 ’
969 2336 1036 2372 Sic
1073 2346 1171 2382 ergo
1208 2336 1407 2381 intellige:
1445 2345 1525 2380 qua
1561 2336 1743 2371 abundat
1777 2334 1939 2380 species
1975 2344 2000 2371 a

340 2412 494 2448 genere
522 2402 744 2438 secundum
777 2411 947 2437 causam
969 2411 1071 2437 suae
1092 2401 1354 2437 inventionis.
1405 2401 1507 2436 Nam
1523 2401 1602 2436 etsi
1623 2409 1773 2445 corpus
1795 2401 1836 2435 et
1856 2409 2000 2445 corpo-

342 2478 455 2503 reum
484 2468 604 2512 quale
632 2467 841 2502 contineat
867 2467 907 2502 in
936 2476 1062 2502 sensu
1090 2476 1177 2508 suo,
1210 2466 1320 2502 nullo
1355 2468 1494 2502 tamen
1527 2466 1648 2502 modo
1682 2466 1851 2510 propter
1878 2465 1998 2509 quale

341 2533 414 2568 fuit
440 2533 662 2567 inventum.
691 2532 765 2567 scd
793 2534 962 2576 propter
988 2540 1245 2576 corporeum.
2019 2543 2052 2568 35

484 2602 683 2637 Videntur
719 2604 855 2637 autem
884 2601 1146 2637 definitiones
1181 2601 1507 2637 differentiarum
1544 2601 1619 2636 sub
1655 2601 1733 2636 hac
1770 2600 1895 2636 etiam
1931 2609 2000 2635 ex-

343 2667 548 2711 positione
576 2666 737 2705 includi,
765 2666 916 2710 quippe
945 2667 1105 2711 ,potens
1128 2666 1182 2701 uti
1210 2666 1381 2702 ratione‘
1411 2675 1501 2701 cum
1529 2665 1569 2701 id
1596 2665 1714 2706 dicat,
1743 2665 1852 2709 quod
1878 2664 1999 2700 ratio-

343 2732 446 2771 nale,
480 2731 519 2766 in
557 2731 765 2766 sententia
790 2731 910 2766 huius
947 2730 1136 2771 nominis,
1165 2731 1273 2775 quod
1307 2732 1371 2766 est
1405 2731 1539 2771 homo,
1575 2729 1838 2765 nihilominus
1875 2728 2000 2765 conti-

343 2798 472 2832 netur.
524 2796 641 2831 Unde
681 2795 915 2831 differentia
952 2796 1125 2835 videtur,
1178 2805 1269 2831 cum
1308 2797 1446 2831 tamen
1484 2794 1789 2830 Aristoteles
1835 2802 1998 2829 omnem

343 2860 617 2896 differentiam
646 2860 821 2895 univoce
848 2860 1083 2904 praedicari
1109 2860 1218 2901 velit,
1246 2860 1285 2896 id
1313 2861 1376 2895 est
1396 2859 1562 2895 nomine
1584 2861 1625 2895 et
1646 2859 1885 2895 definitione
1907 2858 1999 2894 sub-
2018 2871 2052 2896 40

343 2925 532 2960 stantiae.
584 2924 702 2960 Unde
730 2925 827 2960 ait¹:
867 2924 990 2966 ,Inest
1025 2926 1163 2960 autem
1197 2924 1438 2960 substantiis
1475 2925 1516 2960 et
1552 2923 1794 2960 differentiiS
1821 2922 1998 2959 univoce

176 575 291 608 But-tlt
304 599 313 608 .

175 633 207 665 p.
222 622 315 655 :3⁰6⁸

176 1290 309 1324 Boetli.

177 1337 287 1380 1132ssss
296 1340 309 1361 4

486 3040 526 3070 14
556 3040 665 3078 aptae
693 3039 834 3076 addidi,
863 3039 1004 3070 lacuna
1031 3039 1071 3070 in
1096 3037 1126 3070 Α
1225 3038 1267 3070 27
1297 3038 1454 3078 qualitas
1479 3037 1507 3069 A

485 3108 493 3129 ¹
523 3109 680 3145 Bocth.‚
710 3109 752 3141 In
783 3109 904 3147 Cales).
934 3109 987 3140 PL
1014 3109 1068 3147 64,
1098 3118 1130 3148 p.
1163 3110 1226 3140 193
1243 3108 1283 3140 A.
