2200 3387
164 1688 298 1722 Boeth.

141 1747 172 1779 p.
191 1737 252 1769 191
269 1736 295 1770 C

327 258 391 291 152
725 259 831 290 Peter
858 259 1061 291 Abaelards
1090 259 1222 299 liogica
1252 259 1574 298 ‚lugi-odientibus&

325 358 496 400 sumpta.
534 365 614 390 non
644 355 832 391 omnibus
867 355 1063 391 convenit
1101 355 1283 391 vocibus
1334 354 1381 390 Et
1417 355 1643 391 secundum
1678 356 1785 391 hane
1822 356 1985 400 quidem

325 420 608 464 acceptionem
639 419 677 455 in
706 420 783 455 hac
810 420 1064 464 proprietate
1096 420 1334 455 removetur
1373 429 1480 458 ‚esse
1520 420 1557 454 in
1593 419 1791 455 subiecto*
1832 429 1857 455 a
1896 420 1989 455 sub-

327 483 487 519 stantiis
514 485 595 519 tam
618 483 758 527 primis
786 492 907 527 quam
937 484 1132 519 secundis
1160 493 1282 528 quam
1309 492 1333 518 a
1370 483 1633 526 differentiis;
1667 483 1817 527 quippe
1854 492 1989 527 neque

327 548 520 583 Socrates
550 556 683 591 neque
711 547 833 582 homo
861 547 926 582 vel
953 547 1165 583 rationalis
1193 546 1451 582 accidentale
1485 547 1549 582 est
1585 547 1842 587 vocabulum,
1880 546 1987 591 quod

327 611 426 647 satis
447 611 703 646 ostendimus
726 611 1250 655 exponentesfdivisionem
1273 610 1381 645 illam
1404 610 1697 654 quadrifariam
1720 609 1949 654 superius
1966 611 1989 651 ¹,
2010 614 2026 638 5

327 686 407 721 quo
435 676 507 711 ait:
535 684 678 711 eorum
706 684 811 719 quae
840 677 945 712 sunt,
983 675 1062 711 alia
1090 675 1280 711 dicuntur
1307 675 1357 710 de
1395 674 1582 710 subiecto
1619 676 1695 710 etc.
1747 674 1813 710 Sic
1848 674 1990 719 iunge:

328 741 368 776 111
396 740 643 785 supradictis
666 740 988 775 substantiarum
1011 740 1178 775 nomina
1206 739 1495 775 substantialia
1516 739 1710 775 differunt
1730 740 1781 775 ab
1802 739 1990 780 invicem,

327 815 498 850 quorum
539 805 645 840 aliae
686 805 842 849 primae
882 806 976 839 sunt
1012 804 1284 844 substantiae,
1326 804 1432 839 aliae
1466 804 1688 844 secundae,
1726 804 1800 839 sed
1836 804 1877 839 in
1913 804 1992 839 hoc

327 870 462 905 omnia
491 869 742 905 conveniunt
769 868 876 912 quod
904 868 1057 903 nullum
1086 870 1150 904 est
1177 868 1216 903 in
1245 868 1443 907 subiecto,
1480 868 1519 903 id
1548 869 1612 903 est
1638 867 1896 904 accidentale
1923 876 1992 902 vo-

327 935 526 970 cabulum.
579 934 694 973 Quod
724 933 861 968 statim
889 934 1084 977 <probat>
1113 943 1137 969 a
1164 933 1349 978 partibus
1378 933 1712 974 substantiarum,
1740 932 1780 968 id
1808 933 1872 968 est
1899 932 1991 968 sub·
2014 930 2046 955 ¹⁰

327 999 575 1035 stantialium
609 998 962 1043 nominum,·quia
998 998 1154 1034 scilicet
1190 1007 1325 1042 neque
1362 998 1518 1042 primae
1556 997 1815 1033 substantiae
1853 1005 1991 1041 neque

327 1063 536 1099 secundae
557 1064 650 1099 sunt
671 1063 711 1098 in
733 1062 930 1101 subiecto,
952 1063 991 1098 id
1014 1065 1078 1098 est
1105 1064 1200 1098 sunt
1221 1062 1496 1098 accidentalia
1516 1062 1732 1103 vocabula,
1755 1062 1795 1097 et
1815 1060 1992 1106 primum

326 1129 376 1164 de
399 1128 539 1173 primis
561 1128 751 1167 ostendit.
774 1129 921 1172 postea
942 1128 993 1164 de
1016 1127 1218 1163 secundis.
1258 1128 1526 1172 Principalis,
1547 1127 1587 1163 id
1609 1128 1671 1163 est
1691 1127 1833 1171 prima.
1874 1126 1991 1167 Quod

327 1194 464 1229 autem
491 1193 615 1229 addit.
652 1193 760 1237 quod
793 1202 875 1227 non
903 1192 1050 1227 dicitur
1085 1192 1136 1227 de
1173 1192 1359 1228 subiecto
1397 1193 1437 1227 et
1473 1193 1622 1236 postea
1658 1191 1768 1236 quod
1806 1190 1993 1227 secunda

326 1252 556 1293 substantia
595 1257 740 1293 dicitur
778 1258 830 1293 de
870 1257 1070 1295 subiecto,
1107 1257 1206 1292 1111111
1233 1257 1285 1292 ad
1321 1256 1657 1292 communitatem
1694 1256 1883 1301 pertinet,
1919 1255 1993 1291 sed
2016 1258 2047 1283 ¹5

326 1323 460 1368 potius
499 1323 550 1358 ad
587 1322 863 1358 differentiam
902 1322 1199 1366 assignandam
1236 1322 1344 1357 inter
1383 1321 1536 1366 primas
1577 1322 1618 1357 et
1654 1321 1861 1357 secundas
1902 1320 1995 1356 sub-

327 1387 514 1422 stantias.
567 1386 708 1421 Homo
734 1386 860 1421 enim.
912 1389 1017 1421 Vere
1045 1385 1232 1421 secunda
1259 1385 1493 1421 substantia
1525 1394 1608 1420 non
1637 1386 1701 1420 est
1726 1384 1767 1420 111
1795 1383 1994 1425 subiecto,

327 1452 423 1497 quia
457 1461 534 1487 nec
568 1461 619 1487 ea
655 1460 761 1495 quae
799 1451 964 1496 species
1002 1461 1078 1487 nec
1115 1460 1222 1495 quae
1259 1460 1391 1496 genus
1427 1451 1501 1486 est.
1554 1450 1587 1485 A
1622 1449 1820 1495 partibus.
1870 1448 1918 1484 Et
1945 1449 1995 1484 de

328 1516 468 1561 specie
505 1526 579 1561 per
614 1515 833 1557 hominem,
871 1516 922 1551 de
956 1524 1112 1561 genere
1147 1514 1329 1551 ostendit
1365 1524 1439 1560 per
1478 1514 1641 1550 animal.
1693 1514 1834 1549 Homo
1869 1513 1995 1549 enim.

328 1585 431 1617 Vere
460 1582 580 1616 1101110
608 1590 691 1615 11011
719 1581 783 1616 θεῖ
810 1580 1068 1616 accidentale
1096 1580 1354 1617 vocabulum,
1395 1579 1490 1623 quia
1524 1589 1606 1615 non
1634 1580 1696 1614 est
1732 1578 1992 1614 accidentale
2013 1586 2050 1611 20

328 1647 394 1683 vel
420 1646 507 1687 sin>
534 1646 596 1681 his
618 1646 743 1681 rebus
772 1645 811 1680 in
841 1645 986 1689 quibus
1013 1655 1088 1681 sua
1115 1644 1362 1690 significatio
1391 1644 1606 1689 reperitur,
1630 1644 1697 1679 vel
1718 1643 1759 1679 in
1779 1643 1891 1686 aliis;
1919 1643 1993 1678 sed

327 1711 423 1756 quia
458 1711 508 1746 de
546 1711 634 1746 aliis
672 1711 902 1751 constabat,
940 1710 991 1745 de
1027 1709 1106 1745 illis
1134 1719 1217 1745 non
1255 1709 1447 1745 ostendit.
1498 1709 1710 1753 Amplius.
1761 1708 1907 1744 Adhuc
1943 1707 1993 1743 de

329 1776 522 1812 secundis
543 1775 780 1811 substantiis
808 1775 892 1820 agit
920 1775 1149 1810 ostendens
1178 1784 1250 1810 eas
1280 1783 1361 1809 non
1390 1783 1487 1809 esse
1515 1773 1555 1809 in
1585 1773 1728 1818 primis
1751 1772 1995 1809 substantiis

330 1843 371 1876 ut
396 1841 436 1876 in
463 1841 671 1879 subiectis,
699 1840 927 1876 secundum
953 1839 1112 1875 scilicet
1145 1839 1504 1884 significationem,
1539 1840 1580 1874 et
1615 1838 1693 1873 hoc
1723 1837 1846 1873 modo
1874 1837 1996 1882 syllo-

328 1905 503 1951 gismum
531 1905 726 1950 disponit:
764 1914 814 1941 ea
841 1905 1008 1940 nomina
1034 1914 1142 1949 quae
1171 1904 1399 1940 secundum
1437 1902 1785 1949 significationem
1822 1902 1919 1938 sunt
1951 1901 1991 1937 in
2012 1907 2047 1932 25

328 1971 531 2015 aliquibus
559 1972 600 2005 ut
626 1970 666 2005 in
695 1970 904 2009 subiectis,
931 1979 1014 2005 non
1041 1969 1336 2014 praedicantur
1363 1969 1414 2004 de
1452 1968 1531 2004 illis
1567 1967 1733 2003 nomine
1768 1968 1808 2002 et
1834 1966 1996 2002 ratione

329 2035 597 2071 substantiae.
625 2035 699 2070 sed
728 2034 938 2070 secundae
966 2034 1222 2070 substantiae
1251 2033 1547 2078 praedicantur
1575 2033 1625 2068 de
1660 2031 1802 2077 primis
1828 2031 1996 2067 nomine

330 2102 369 2135 et
396 2099 566 2140 ratione,
594 2109 722 2144 quare
751 2100 961 2135 secundae
990 2098 1249 2145 substantiae
1278 2108 1359 2133 non
1389 2099 1484 2133 sunt
1510 2097 1550 2133 in
1578 2097 1718 2142 primis
1747 2097 1790 2132 ut
1828 2096 1869 2132 in
1905 2096 1997 2131 sub-

328 2165 456 2201 iectis
508 2164 837 2209 Propositionem
860 2165 1062 2200 habemus
1084 2163 1165 2199 hic:
1194 2172 1349 2204 ‚eorum
1370 2172 1476 2207 quae
1503 2162 1544 2198 in
1566 2162 1752 2198 subiecto
1775 2162 1891 2203 sunt‘,
1919 2161 1998 2196 hoc

330 2231 391 2265 est
413 2239 561 2265 nomen
584 2230 634 2265 de
662 2239 834 2265 numero
856 2229 1172 2265 accidentaIIum
1200 2228 1410 2264 nominum
1432 2228 1497 2262 vel
1518 2236 1670 2263 nomen
1692 2225 1997 2272 designativum
2016 2235 2051 2260 30

329 2294 500 2330 alicuius
528 2294 797 2330 accidentalis
818 2294 989 2329 formae.
1043 2293 1265 2329 Rationem
1290 2302 1488 2337 namque.
1541 2291 1649 2327 Vere
1671 2291 1776 2327 ratio
1799 2290 1999 2326 secunda-

330 2369 418 2394 rum
445 2359 767 2395 substantiarum
794 2359 1059 2404 praedicatur
1087 2358 1138 2394 de
1166 2357 1366 2398 subiecto,
1395 2357 1492 2402 quia
1513 2356 1617 2392 ratio
1640 2355 1818 2391 hominis
1847 2356 1888 2391 et
1913 2354 1999 2391 ani-

330 2424 458 2459 malis.
510 2424 543 2459 A
582 2425 776 2469 partibus.
831 2425 971 2467 (mare
1009 2434 1096 2459 non
1130 2424 1220 2459 erit.
1281 2422 1462 2458 Ostenso
1499 2431 1635 2466 neque
1671 2421 1826 2466 primas
1863 2430 1998 2466 neque

330 2489 536 2524 secundas
564 2489 817 2525 substantias
845 2498 940 2524 esse
968 2489 1009 2524 in
1036 2489 1234 2526 subiecto,
1262 2488 1313 2523 ad
1341 2487 1669 2532 propositionem
1690 2485 1996 2522 communitatis

331 2563 451 2597 quam
473 2554 713 2589 substantiis
729 2554 911 2594 dederat,
926 2553 1089 2595 <1·edit>.
1142 2553 1260 2589 Unde
1278 2562 1386 2588 nunc
1407 2562 1432 2587 a
1452 2552 1639 2596 partibus
1661 2551 1794 2596 ipsam
1819 2559 1997 2586 commu·
2017 2559 2052 2584 35

331 2618 498 2653 nitatem
528 2619 744 2659 concludit,
773 2628 822 2654 ac
850 2618 885 2654 si
907 2618 1074 2659 diceret,
1097 2618 1206 2662 quod
1229 2617 1324 2662 quia
1346 2626 1481 2661 neque
1504 2616 1636 2661 prima
1657 2625 1793 2660 neque
1815 2615 2001 2651 secunda

331 2683 562 2719 substantia
583 2684 647 2719 est
667 2683 707 2719 in
731 2683 929 2724 subiecto,
950 2692 1049 2728 ergo
1071 2683 1191 2718 nulla.
1243 2682 1290 2717 Et
1310 2681 1533 2726 praecipue
1554 2681 1649 2717 ideo
1669 2681 1801 2726 ipsam
1823 2689 2000 2716 commu-

331 2752 501 2788 nitatem
529 2752 734 2797 supponit.
764 2754 805 2787 ut
832 2752 1026 2788 ostendat
1063 2761 1154 2787 eam
1192 2761 1275 2787 non
1313 2760 1406 2787 esse
1444 2750 1610 2795 proprie
1648 2750 1870 2795 proprium,
1907 2758 1999 2785 cum

332 2826 412 2852 non
442 2816 541 2851 solis
570 2816 794 2851 conveniat
821 2815 1075 2855 substantiis,
1111 2815 1149 2851 id
1179 2816 1243 2851 est
1269 2814 1370 2850 solis
1398 2814 1738 2850 substantialibus
1765 2813 1999 2849 nominibus

333 2881 668 2920 substantiarum,
706 2880 802 2925 qula
839 2881 963 2916 etiam
998 2880 1242 2916 differentiis
1280 2879 1485 2915 convenit.
1536 2878 1650 2915 Haec
1687 2878 1795 2914 enim
1831 2877 2000 2914 nomina
2019 2887 2054 2911 40

336 2945 574 2986 sationalis,
613 2945 742 2990 bipes‘
783 2945 1055 2981 accidentalia
1093 2954 1177 2980 non
1215 2946 1320 2985 sunt,
1361 2944 1457 2988 quia
1492 2944 1666 2979 formam
1703 2942 1999 2979 accidentalem

479 3056 521 3087 29
549 3055 689 3087 habens
716 3055 745 3087 A
773 3056 815 3087 cf.
844 3064 876 3095 p.
908 3054 1001 3087 1564
1123 3054 1165 3085 33
1194 3055 1300 3086 osten
1327 3053 1356 3085 A

480 3125 487 3146 ¹
520 3126 572 3158 Cr.
599 3135 720 3167 supra
748 3135 781 3166 p.
813 3123 1088 3158 12635-12717.
