2200 3387
280 244 344 279 1152
684 244 790 277 Peter
817 244 1020 276 Abaelards
1049 243 1182 283 Logica
1209 239 1534 283 ‚Ingredientibus‘.

278 352 447 377 numero
477 343 602 386 ponat
629 342 753 385 atque
782 340 951 384 insuper
978 339 1208 375 orationem
1237 338 1551 383 quantitativam
1579 347 1673 374 esse
1702 347 1845 373 veram
1872 338 1938 374 vel

278 408 422 442 falsam
451 416 499 442 ac
528 416 602 450 per
630 406 706 441 hoc
733 404 942 440 contraria
970 404 1184 448 suscipere
1219 403 1341 438 etiam
1369 396 1665 443 sustentando,
1704 402 1938 447 opinionem

279 471 408 516 magis
437 481 557 515 quam
586 470 803 505 veritatem
832 469 983 505 insistit
1010 471 1050 504 et
1077 469 1171 504 licet
1207 468 1435 503 secundum
1462 467 1523 503 rei
1550 467 1769 502 veritatem
1796 467 1847 502 ab
1875 467 1943 502 ob-

280 537 397 572 iectis
425 535 732 571 Aristoteles
770 544 866 570 sese
902 535 1047 579 posset
1080 533 1215 568 multis
1254 532 1385 567 modis
1421 532 1612 572 liberare,
1652 531 1784 577 magis
1817 531 1944 567 voluit

280 601 622 645 qualemcumque
659 599 1048 635 determinationem
1085 607 1253 642 ponere.
1293 598 1336 632 ut
1374 596 1645 637 satisfaceret,
1682 606 1803 641 quam
1839 595 1980 631 veri-5

281 668 405 702 tatem
441 665 621 701 tenendo
659 664 756 700 nihil
796 663 1013 709 proficere,
1053 672 1130 698 nec
1170 662 1392 707 quidquam
1432 661 1483 697 ad
1521 661 1646 696 finem
1685 669 1944 705 promovere.

281 730 406 766 Simul
434 740 533 775 ergo
562 730 641 765 duo
670 729 961 765 consideravit.
990 730 1032 763 ut
1059 727 1273 763 veritatem
1304 726 1362 762 rei
1389 727 1548 771 integre
1576 726 1815 770 loqueretur
1837 726 1944 761 bene

281 793 602 839 intelligentibus
632 794 672 828 et
699 793 868 836 insuper
894 792 1031 835 aliqua
1059 790 1405 826 determinatione
1442 799 1538 825 sese
1566 791 1617 825 ab
1653 789 1851 834 imperitis
1879 789 1945 825 vel

284 858 748 903 importunisliberaret.
771 866 861 892 cum
878 856 1073 891 videlicet
1094 855 1295 891 adiunxit:
1318 855 1556 891 ,secundum
1578 855 1641 890 sui
1655 854 1945 890 mutationem.‘

282 923 398 963 Quod
427 923 588 967 quidem
619 922 795 966 qualiter
830 920 1139 965 intelligendum
1178 920 1240 959 sit,
1282 929 1359 955 nec
1398 920 1488 964 ipse
1525 919 1831 955 Aristoteles
1867 928 1945 955 nec
1967 928 1998 952 10

281 989 345 1023 Bo
359 988 522 1023 ethius
552 987 652 1022 satis
681 985 941 1021 determinat.

424 1052 630 1092 Quidam
659 1053 798 1087 autem
826 1052 932 1090 sunt,
960 1050 1028 1094 qui
1055 1050 1114 1085 sic
1147 1049 1354 1094 accipiunt
1388 1049 1626 1090 ‚secundum
1664 1049 1725 1085 sui
1760 1049 1947 1085 mutatio-

283 1125 399 1155 nenr.
427 1118 469 1152 ut
502 1117 630 1152 velint
657 1115 912 1151 substantias
947 1125 1000 1150 ex
1037 1114 1204 1159 propria
1239 1116 1387 1150 natura
1423 1115 1485 1149 sui
1520 1114 1741 1150 variabiles
1774 1109 1870 1150 e'sse
1906 1115 1948 1150 et

282 1182 391 1218 circa
418 1181 627 1217 contraria
653 1189 817 1225 quoque
845 1179 1069 1224 permutari
1091 1188 1144 1215 ex
1165 1179 1332 1224 propria
1349 1179 1615 1214 instabilitate
1632 1182 1655 1213 1.
1706 1178 1948 1214 Accidentia

283 1257 382 1283 vero
411 1247 469 1282 sie
497 1246 746 1291 quandoque
774 1245 998 1290 permutari
1026 1244 1226 1289 contingit
1262 1254 1345 1279 non
1384 1253 1437 1279 ex
1473 1245 1622 1279 natura
1658 1253 1745 1283 sua,
1783 1244 1855 1279 sed
1893 1253 1946 1279 ex
1970 1250 2001 1274 15

282 1312 550 1348 instabilitate
573 1310 833 1346 substantiae
856 1309 1079 1346 subiectae.
1102 1311 1145 1344 ut
1166 1309 1273 1353 quod
1295 1308 1444 1344 albedo
1466 1308 1588 1344 modo
1605 1308 1804 1349 clarescit,
1825 1309 1947 1344 modo

286 1376 542 1415 obscuratur,
569 1375 608 1410 id
636 1374 762 1410 faciat
794 1375 942 1409 natura
978 1372 1245 1412 fundamenti,
1284 1372 1392 1416 quod
1428 1372 1548 1408 facile
1584 1372 1769 1407 variatur
1804 1381 1857 1407 ex
1891 1371 1949 1407 in-

284 1441 519 1476 constantia
535 1439 729 1485 propriae
745 1440 930 1474 naturae.
959 1438 1089 1478 Quam
1103 1437 1265 1482 quidem
1280 1437 1528 1473 sententiam
1542 1437 1721 1472 dicuntB
1733 1436 1948 1472 oethium

283 1506 322 1541 in
340 1506 546 1551 prologo
558 1505 741 1540 Arithm
753 1504 883 1540 etica
895 1513 916 1538 e
934 1502 1208 1543 innuisse,ubi
1221 1502 1379 1538 scilicet
1391 1502 1674 1537 accidentibus
1691 1511 1834 1537 verum
1851 1510 1947 1537 esse

283 1569 479 1604 adscribit
507 1570 547 1604 et
578 1566 923 1607 incommutabile,
952 1567 1149 1610 quantum
1176 1566 1216 1601 in
1244 1565 1345 1610 ipsis
1373 1567 1446 1603 est,
1475 1574 1553 1601 nec
1581 1565 1673 1610 ipsa
1693 1564 1847 1600 variari
1867 1564 1947 1600 nisi
1967 1572 2001 1597 20

285 1643 337 1669 ex
365 1635 513 1669 natura
535 1632 791 1668 substantiae
815 1631 1027 1667 subiectae
1049 1630 1202 1666 asserit
1223 1630 1286 1666 his
1309 1630 1448 1666 verbis
1463 1634 1494 1666 2:
1523 1629 1650 1670 ,Quae
1672 1629 1763 1674 ipsa
1784 1629 1949 1674 quidem

284 1700 431 1734 natura
470 1698 717 1742 incorporea
756 1698 850 1732 sunt
883 1697 923 1731 et
959 1695 1223 1731 immutabilis
1265 1695 1523 1730 substantiae
1560 1694 1721 1730 ratione
1755 1693 1948 1740 vigentia,

284 1763 600 1808 participatione
617 1771 717 1798 vero
741 1761 927 1806 corporis
948 1762 1234 1805 permutantur
1250 1761 1290 1796 et
1311 1761 1422 1796 tactu
1443 1759 1653 1795 variabilis
1680 1759 1741 1795 rei
1766 1759 1808 1794 in
1828 1759 1950 1794 verti-

285 1829 406 1863 bilem
434 1827 755 1863 inconstantiam
782 1828 1010 1862 transeunt.
1061 1825 1174 1861 Haec
1210 1825 1334 1870 igitur
1369 1824 1574 1869 quoniam,
1609 1825 1652 1859 ut
1688 1824 1838 1860 dictum
1874 1824 1948 1864 est,

285 1895 475 1928 naturam
511 1891 806 1927 immutabilem
845 1890 1202 1934 substantiamque
1247 1890 1392 1925 sortita
1425 1891 1530 1929 sunt,
1566 1898 1666 1924 vere
1699 1888 1948 1933 proprieque
1969 1895 2003 1920 25

286 1967 382 1993 esse
410 1957 609 1992 dicuntur.
660 1956 814 1991 Horum
841 1955 973 2001 igitur.
1007 1955 1047 1990 id
1075 1957 1136 1990 est
1164 1963 1269 1999 quae
1296 1954 1462 1999 proprie
1491 1955 1587 1989 sunt
1621 1953 1882 1998 proprieque,
1909 1953 1949 1988 id

287 2024 351 2058 est
377 2032 452 2057 suo
482 2022 659 2061 nomine,
687 2021 899 2056 essentiae
927 2020 1201 2055 nominantur.
1237 2019 1452 2054 scientiam
1480 2019 1686 2063 sapientia
1712 2018 1949 2063 profitetur.s

286 2087 357 2122 His
385 2087 524 2131 itaque
558 2085 758 2121 Boethii
794 2085 933 2120 verbis
970 2085 1248 2120 adhaerentes
1287 2084 1425 2119 dicunt
1461 2083 1692 2119 accidentIa
1726 2092 1950 2127 numquam

287 2149 439 2185 variari
467 2149 694 2185 secundum
722 2148 785 2184 sui
812 2148 1092 2188 mutationem,
1120 2147 1226 2192 quia,
1255 2148 1452 2191 quantum
1479 2146 1520 2182 in
1556 2156 1601 2182 se
1639 2147 1703 2182 est
1737 2147 1862 2190 atque
1897 2146 1949 2182 ad

287 2224 476 2250 naturam
505 2223 647 2249 eorum
674 2213 862 2258 pertinet,
890 2222 1113 2257 numquam
1140 2212 1411 2251 variarentur,
1440 2211 1514 2247 sed
1541 2211 1581 2246 in
1609 2220 1655 2247 se
1683 2211 1783 2256 ipsis
1810 2210 1951 2246 immu-
1970 2221 2005 2246 30

287 2279 429 2315 tabilia
456 2288 622 2323 semper
648 2279 894 2323 permanent
931 2278 971 2313 et
1004 2277 1113 2322 quod
1150 2278 1379 2317 moventur,
1416 2285 1469 2311 ex
1508 2277 1656 2311 natura
1691 2275 1950 2311 substantiae

288 2343 498 2388 contingit.
526 2352 632 2387 quae
660 2352 713 2378 ex
741 2342 909 2387 propria
935 2343 1082 2377 natura
1107 2341 1350 2377 inconstans
1373 2342 1437 2376 est
1457 2340 1646 2376 omnibus
1668 2340 1950 2376 accidentibus

289 2418 385 2444 sese
414 2408 653 2452 aequaliter,
682 2408 721 2443 in
750 2408 946 2451 quantum
976 2406 1208 2442 substantia
1230 2408 1303 2444 est.
1324 2406 1518 2441 afferens.
1570 2405 1792 2441 Variantur
1810 2404 1950 2449 itaque

289 2471 548 2507 substantiae
578 2471 805 2507 secundum
833 2470 1041 2515 propriam
1069 2469 1349 2509 mutationem,
1388 2469 1484 2513 quia
1520 2478 1574 2504 ex
1606 2468 1773 2513 propria
1808 2477 1950 2504 earum

290 2539 437 2572 natura
465 2538 538 2576 est,
567 2536 676 2580 quod
704 2535 928 2575 variantur,
957 2534 1189 2570 accidentia
1215 2544 1315 2569 vero
1344 2544 1437 2572 non,
1466 2533 1540 2569 sed
1567 2533 1698 2579 magis
1725 2542 1778 2568 ex
1805 2534 1952 2568 natura
1971 2542 2005 2567 35

290 2600 486 2635 subiecta.
1726 2593 1731 2599 “

432 2664 511 2699 Sed
541 2664 617 2699 etsi
646 2664 723 2699 hoc
750 2673 893 2699 verum
924 2663 986 2703 sit,
1023 2672 1105 2698 non
1133 2662 1300 2698 multum
1329 2661 1633 2697 Aristoteles
1669 2661 1763 2696 ideo
1791 2660 1953 2696 videtur

291 2729 511 2764 insinuare.
563 2728 660 2763 Cum
691 2728 798 2763 enim
827 2728 1056 2763 orationem
1084 2727 1150 2762 vel
1177 2726 1427 2762 intellectum
1456 2726 1552 2761 dicit
1576 2725 1800 2770 permutari
1820 2725 1953 2770 gratia

290 2793 460 2829 alterius
493 2793 564 2833 rei,
598 2793 791 2828 videlicet
823 2793 874 2829 de
909 2802 990 2837 qua
1024 2792 1228 2836 loquimur
1264 2792 1328 2826 vel
1369 2791 1644 2835 intelligimus,
1683 2800 1765 2825 non
1806 2789 1953 2834 accipit

434 2921 453 2951 6
476 2920 673 2960 proficeret
690 2920 716 2950 A
771 2918 852 2957 nec]
873 2928 918 2951 ne
933 2919 961 2950 A
1014 2920 1232 2958 promovent
1246 2918 1275 2949 A
1398 2919 1416 2949 9
1433 2917 1625 2949 infortunis
1640 2916 1669 2948 A
1781 2917 1822 2948 17
1845 2916 1902 2948 fae
1922 2915 1950 2947 A

294 2980 334 3011 19
363 2979 570 3010 arismetice
595 2978 625 3010 A
724 2978 766 3009 30
795 2978 978 3017 pertinent
1003 2977 1032 3008 A

434 3053 443 3074 ¹
473 3055 634 3091 Abael.,
663 3054 773 3086 Dz'al..
802 3063 835 3093 p.
866 3055 930 3085 178
958 3063 990 3085 v,
1019 3054 1135 3093 isqq.

434 3112 447 3133 ‘2
475 3113 631 3150 Boeth.,
651 3112 993 3144 Inst.(11·e'cltmetica
1009 3112 1114 3142 ed.G.
1131 3112 1375 3147 Friedlein,
1391 3111 1536 3151 Lipsiae
1546 3108 1724 3147 (Teubn),
1738 3109 1837 3147 1867,
1855 3108 1951 3148 p.8³.
