2200 3387
203 750 294 784 Boet
303 750 337 783 li.

184 808 217 840 p.
234 798 299 830 llis
310 800 337 832 Ι)

203 1989 232 2023 Β
239 1991 295 2023 oet
304 1989 323 2022 Ιι
331 2014 339 2023 .

184 2047 217 2079 μ,
236 2038 302 2070 mo
317 2040 339 2071 n

371 236 435 268 120·
778 237 882 269 l‘eter
910 238 1111 269 Abaelards
1142 237 1271 277 Logica
1300 236 1622 277 ,lugi-odientibus:

367 327 665 362 universalitati
688 337 808 362 unum
834 327 995 371 quidem
1020 328 1245 363 subiectum
1270 329 1355 362 est‘.
1403 327 1492 366 Qui
1521 327 1643 363 etiam
1672 327 1715 362 in
1742 327 1851 362 Com
1864 329 2024 363 mento

366 401 491 436 super
519 392 624 427 illam
655 391 897 427 divisionem
927 402 1033 436 quae
1063 392 1265 435 sequitur:
1302 400 1452 427 eorum
1480 401 1586 436 quae
1608 394 1710 428 sunt.
1738 392 1819 427 alia
1839 392 2027 428 dicuntur

366 456 415 491 de
445 457 630 492 subiecto
653 460 752 492 etc.·.
781 457 839 492 sic
861 457 960 492 ait¹:
997 457 1057 492 ,Αἱ
1080 466 1179 491 vero
1208 465 1343 500 neque
1372 456 1676 501 particularitas
1704 466 1839 500 neque
1868 456 2028 492 univer—

366 522 509 556 salitas
538 521 574 556 in
605 530 648 556 se
678 524 904 556 transeunt.
953 521 1135 565 Namque
1159 521 1451 556 universalitas
1475 522 1610 565 potest
1632 521 1682 556 de
1705 521 2027 565 particularitate

366 585 607 629 praedicari.
636 589 676 621 ut
705 586 855 621 animal
884 586 933 621 de
957 587 1128 621 Socrate
1150 585 1212 620 vel
1237 585 1416 621 Platone.
1445 587 1485 621 et
1508 585 1806 630 particularitas
1829 585 2028 630 suscipiet

366 649 687 686 universalitatis
723 651 1086 695 praedicationem.
1124 650 1198 685 sed
1232 654 1352 691 <non
1390 652 1432 685 ut
1459 650 1748 686 universalitas
1775 650 1828 685 sit
1855 650 2028 695 particu-

367 715 508 750 laritas
537 725 612 750 nec
641 725 782 750 rursus
812 715 918 758 quod
947 715 1195 759 particulare
1224 717 1297 751 est.
1327 715 1616 750 universalitas
1645 714 1738 750 fiat:

510 780 664 814 Eorum
691 790 799 823 quae
821 780 1030 814 (licuntur.
1073 779 1131 815 De
1153 779 1413 815 sermonibus
1436 779 1656 815 intendens
1679 779 1856 815 omnium
1880 789 2027 815 vocum

365 844 730 889 significativarum
770 844 820 879 ad
856 844 1046 888 placitum
1087 843 1332 879 divisionem
1362 844 1595 888 praemittit.
1633 847 1674 879 ut
1703 844 1776 880 bas
1805 845 1854 880 de
1883 844 2029 889 quibus

365 908 548 943 intendit.
578 908 733 943 seilicet
761 916 866 952 quae
895 908 1103 952 simplices
1132 907 1212 943 sint
1240 917 1378 945 voces.
1407 908 1457 943 ab
1485 908 1575 943 aliis
1604 907 1760 943 dividat
1785 909 1909 952 atque
1933 917 2027 944 con-

367 972 599 1007 venientius
628 972 677 1007 ad
707 972 1045 1016 praedicamenta
1067 972 1327 1017 disponenda
1349 972 1587 1009 descendat.
1616 982 1690 1017 per
1711 973 1816 1008 hanc
1836 972 2029 1008 videlicet

367 1037 610 1072 divisionem
635 1040 673 1071 et
702 1047 775 1081 per
802 1037 909 1073 illam
939 1037 1058 1073 aliam
1083 1047 1189 1082 quae
1218 1040 1281 1073 est
1302 1037 1529 1073 subdivisio
1552 1037 1735 1076 membri,
1764 1047 1882 1081 quam
1906 1038 2028 1083 longe

367 1102 512 1144 postea
550 1101 663 1145 ponit
698 1101 840 1136 dicens
856 1105 885 1135 ·—':
925 1100 1082 1136 Eorum
1118 1111 1224 1145 quae
1259 1101 1484 1137 secundum
1519 1101 1670 1137 nullam
1699 1101 2027 1146 complexionem

367 1165 566 1200 dicuntur.
605 1165 807 1210 singulum
837 1168 922 1201 etc:
976 1165 1072 1201 Sine
1107 1166 1396 1210 complexione
1431 1166 1620 1201 dicuntur
1652 1167 1758 1202 teste
1792 1166 2030 1202 Βο9ῒ1ῑίο·’ς

366 1239 652 1274 quaecumque
681 1230 903 1266 secundum
934 1230 1158 1274 simplicem
1189 1240 1335 1266 sonum
1364 1230 1541 1265 nominis
1569 1230 1841 1274 proferuntur.
1869 1233 1912 1267 ut
1932 1233 2027 1266 sunt

368 1294 557 1339 singulae
596 1295 815 1336 dictiones;
853 1295 1078 1331 secundum
1108 1304 1208 1330 vero
1237 1295 1568 1340 complexionem
1598 1295 1786 1331 dicuntur
1813 1305 2030 1340 quaecum-

368 1369 446 1403 que
485 1359 622 1403 aliqua
659 1360 949 1395 coniunctione
988 1360 1209 1395 dictionum
1238 1360 1389 1404 aliquid
1419 1360 1716 1399 demonstrant,
1755 1362 1796 1396 ut
1824 1360 2030 1405 quaelibet

369 1424 591 1460 orationes.
644 1425 703 1460 De
740 1425 1030 1469 complexione
1065 1433 1165 1460 vero
1202 1425 1306 1461 duos
1334 1425 1479 1460 modos
1507 1425 1558 1460 ad
1587 1426 1821 1470 exemplum
1849 1425 2030 1470 apponit,

366 1489 531 1533 quando
560 1489 717 1525 scilicet
744 1489 897 1534 aliquid
919 1490 1180 1535 coniungitur
1199 1490 1318 1525 alicui
1346 1499 1420 1534 per
1447 1499 1493 1525 se
1513 1490 1643 1534 ipsum
1671 1491 1749 1525 hoc
1771 1490 1910 1526 modo:
1939 1500 2032 1527 ‚am-

365 1555 499 1590 bulat‘.
530 1555 681 1599 quippe
706 1555 908 1590 ambulat
932 1555 1078 1590 dicitur
1099 1556 1139 1590 et
1160 1554 1423 1599 praedicatur
1444 1556 1485 1590 et
1506 1557 1570 1590 est
1590 1556 1748 1600 copula,
1776 1556 1841 1590 vel
1865 1556 2029 1599 quando

366 1619 628 1663 coniungitur
664 1628 737 1664 per
773 1620 957 1655 alterum.
995 1619 1084 1655 sive
1122 1619 1217 1655 illud
1255 1620 1428 1655 alterum
1463 1619 1515 1655 sit
1543 1621 1724 1657 verbum.
1762 1622 1820 1655 ut:
1859 1619 1935 1659 ,hic
1968 1622 2032 1656 est

365 1682 569 1718 Socrates
608 1686 670 1718 est
707 1684 934 1718 ambulans·
974 1683 1063 1718 sive
1101 1683 1347 1720 coniunctio.
1388 1686 1429 1718 ut
1467 1685 1547 1720 ,aut
1575 1683 1768 1719 Socrates
1796 1686 1866 1719 aut
1893 1684 2029 1719 Plato‘.

366 1747 433 1782 Ait
470 1750 604 1783 autem
645 1748 719 1783 sic:
757 1747 904 1783 Eorum
943 1758 1049 1792 quae
1084 1748 1285 1784 dicuntur.
1325 1748 1363 1784 id
1398 1750 1462 1783 est
1489 1758 1635 1783 vocum
1665 1748 2030 1793 significativarum

370 1813 420 1848 ad
452 1812 655 1857 placitum.
683 1813 779 1848 alia
807 1813 1033 1848 secundum
1062 1813 1391 1857 complexionem
1415 1813 1613 1849 dicuntur.
1643 1813 1681 1848 id
1704 1815 1767 1848 est
1788 1813 2029 1858 complexae

367 1878 462 1911 sunt
493 1886 618 1912 voces
649 1880 687 1912 et
716 1886 766 1912 ex
796 1876 980 1921 pluribus
1008 1876 1254 1912 dictionibus
1277 1876 1452 1913 iunctae.
1480 1876 1613 1912 aliae
1642 1886 1734 1911 non.
1785 1876 1872 1912 Dici
1892 1878 2029 1912 autem

366 1951 446 1976 non
470 1942 624 1977 habent
640 1952 768 1977 voces
792 1942 1035 1977 naturaliter
1056 1941 1352 1985 significantes.
1376 1942 1449 1977 sed
1472 1941 1564 1976 illae
1586 1950 1661 1985 per
1681 1951 1785 1985 quas
1805 1941 2030 1986 loquamur.

513 2006 667 2040 Eorum
699 2016 808 2049 qnae
833 2008 941 2040 sum.
996 2005 1173 2041 Daturus
1201 2005 1239 2040 in
1270 2005 1610 2049 praedicamento
1633 2005 1891 2040 substantiae
1913 2014 2032 2050 quas-

369 2070 460 2104 dam
491 2079 634 2104 vocum
667 2069 944 2113 proprietates
972 2070 1038 2104 vel
1067 2069 1324 2104 differentias
1352 2078 1426 2113 per
1454 2078 1558 2107 ‚esse
1587 2069 1625 2103 in
1649 2068 1835 2104 subiecto
1858 2069 1922 2104 vel
1948 2078 2030 2104 non

368 2143 488 2169 esse:
518 2144 590 2178 per
619 2134 706 2169 .dici
736 2134 786 2169 de
814 2134 1000 2169 subiecto
1028 2134 1092 2169 vel
1122 2143 1202 2169 non
1226 2133 1326 2169 dici:
1356 2133 1598 2169 divisionem
1622 2143 1696 2178 per
1715 2134 1819 2169 haec
1840 2135 2032 2178 quattuor

371 2199 606 2243 praemittit.
644 2199 682 2234 in
722 2208 801 2243 qua
838 2201 944 2234 teste
972 2198 1208 2234 Boethi0²
1245 2199 1425 2234 omnium
1461 2208 1696 2234 sermonum
1734 2198 2030 2234 multitudinem

368 2264 690 2308 comprehendit.
745 2264 859 2304 Quae
894 2264 1056 2307 quidem
1092 2264 1250 2300 divisio.
1289 2273 1379 2299 cum
1407 2263 1457 2298 sit
1485 2263 1748 2308 quadrifaria,
1788 2273 1839 2299 ex
1872 2263 2031 2299 duabus

371 2328 522 2364 bii'ariis
557 2328 798 2364 naturaliter
826 2329 1008 2364 nascitur
1035 2338 1177 2364 eorum
1207 2328 1400 2364 membris
1428 2328 1479 2364 ad
1507 2328 1683 2364 invicem
1713 2328 1940 2372 permixtis,
1979 2338 2031 2364 ex

369 2393 430 2428 nis
459 2393 660 2430 videlicet.
699 2394 805 2437 quod
844 2393 1084 2438 simplicium
1124 2403 1360 2428 sermonum
1400 2393 1484 2428 alii
1522 2393 1712 2428 (licuntur
1746 2393 1795 2428 (19
1833 2393 2031 2430 subiecto.

369 2458 455 2493 alii
484 2468 564 2493 non
595 2460 635 2493 et
664 2468 804 2493 rursus
833 2458 917 2493 alii
948 2460 1043 2493 sunt
1071 2459 1108 2493 in
1138 2458 1334 2495 subiecto,
1363 2457 1449 2493 alii
1476 2467 1570 2493 non.

510 2522 589 2558 Sed
619 2532 736 2558 nunc.
775 2523 870 2567 quid
899 2523 951 2558 sit
978 2532 1121 2558 vocem
1151 2523 1229 2558 dici
1257 2523 1306 2558 de
1336 2522 1522 2558 subiecto
1551 2523 1613 2558 vel
1644 2532 1735 2558 esse
1763 2522 1802 2558 in
1832 2522 2030 2562 subiecto,

370 2588 617 2632 aperiamus.
657 2597 709 2622 ex
745 2597 825 2631 quo
861 2588 1106 2623 econtrario.
1145 2587 1237 2631 quid
1267 2587 1317 2622 sit
1344 2597 1425 2623 non
1455 2586 1532 2622 dici
1561 2587 1625 2622 vel
1654 2596 1734 2622 non
1764 2596 1871 2627 esse,
1909 2596 2033 2631 appa-

369 2653 484 2689 rebit.
539 2652 626 2687 Vox
647 2652 785 2696 itaque
808 2653 872 2688 illa
901 2652 1056 2689 dicitur.
1085 2652 1122 2687 id
1152 2654 1215 2687 est
1242 2652 1516 2697 praedicatur.
1551 2652 1600 2687 de
1629 2651 1764 2696 aliquo
1792 2653 1836 2687 ut
1862 2651 1912 2687 de
1941 2652 2032 2687 sub-

371 2719 487 2754 iecto.
525 2726 631 2762 quae
669 2726 757 2753 cum
798 2717 849 2752 sit
878 2717 1124 2753 universalis
1159 2718 1199 2752 et
1234 2726 1309 2752 sua
1342 2717 1551 2753 sententia
1584 2717 1622 2752 in
1658 2726 1785 2753 sensu
1818 2716 2031 2753 subiectae

371 2783 485 2818 vocis
513 2782 752 2817 includatur.
782 2791 861 2818 non
891 2784 1029 2826 potest
1058 2781 1147 2826 ipsa
1174 2781 1399 2818 secundum
1429 2790 1598 2818 causam
1627 2791 1728 2818 suae
1756 2781 2030 2825 impositionis

370 2847 520 2883 abesse
544 2845 602 2881 rei
624 2846 836 2882 subiectae
860 2846 974 2882 vocis
995 2847 1161 2891 praeter
1182 2845 1311 2889 ipsius
1333 2845 1393 2881 rei
1415 2845 1732 2890 corruptionem,
1760 2844 1885 2881 veluti
1906 2844 2029 2881 homo

512 2950 530 2980 (5
560 2958 628 2980 non
653 2949 785 2980 mlclirll
812 2958 854 2981 es
874 2949 1028 2982 Boethio
1122 2949 1139 2979 7
1165 2949 1227 2980 ilat
1252 2948 1378 2981 linem.
1413 2948 1513 2981 l'ietA
1608 2950 1648 2979 1⁸
1671 2948 1776 2981 modo
1798 2947 1825 2981 A
1913 2948 1956 2980 20
1978 2948 2033 2980 est

371 3012 405 3040 ct
432 3008 456 3039 ,1
561 3009 602 3039 33
631 3016 834 3039 sermonem
864 3008 888 3038 Α

514 3072 520 3092 ¹
554 3073 713 3109 Hoeth.,
735 3073 776 3105 In
802 3074 923 3112 (ufey.
947 3072 967 3104 I.
991 3082 1028 3108 r..
1058 3082 1090 3113 p.
1115 3073 1178 3103 170
1202 3072 1275 3104 CI).
1405 3072 1419 3092 ’-’
1449 3072 1593 3104 Hoeth.
1623 3073 1643 3103 Ι.
1673 3082 1711 3108 c..
1743 3081 1773 3111 p.
1805 3072 1869 3103 180
1897 3072 1937 3103 A.

512 3132 526 3149 ³2
553 3131 700 3163 Boetli.
730 3132 751 3162 l.
781 3141 818 3167 ra,
848 3140 880 3170 p.
913 3133 975 3162 1159
992 3131 1032 3162 Α.
1412 3132 1418 3151 ⁸
1449 3131 1596 3169 Boeth.
1627 3131 1647 3162 Ι.
1677 3139 1714 3167 (a,
1745 3139 1776 3170 p.
1809 3130 1871 3161 109
1888 3138 1967 3169 sqq.

2051 914 2080 938 lo

2050 1242 2082 1266 15

2051 1567 2085 1592 20

2051 1891 2085 1915 25

2052 2218 2086 2241 'du

2052 2539 2085 2563 35
