2200 3387
291 214 332 247 2-1
689 214 795 246 Peter
822 215 1025 247 Abaelaids
1054 215 1186 256 Logica
1214 214 1537 255 ,Ingredientibus‘.

292 312 506 347 inultorum
535 320 665 355 genus
692 320 788 346 esse
816 311 880 347 vel
903 310 1096 355 speciem.
1137 310 1312 346 eandem
1347 320 1605 347 communem
1634 311 1948 356 conceptionem

292 375 548 411 intellexisse
577 375 748 411 videtur.
801 375 842 411 In
871 385 952 420 qua
979 375 1102 411 etiam
1130 375 1336 411 sententia
1362 375 1614 411 Platonem
1636 376 1764 412 fuisse
1785 376 1947 421 quidam

290 442 514 476 autumant.
543 442 583 475 ut
611 440 803 476 videlicet
829 440 919 476 illas
942 440 1057 476 ideas
1079 449 1330 477 communes.
1357 449 1461 485 quas
1482 440 1522 476 in
1543 450 1626 485 noy
1647 440 1771 485 ponit.
1793 450 1950 486 genera

291 506 354 540 vel
371 505 536 549 species
552 505 792 549 appellaret.
821 491 959 549 Inouo
976 504 1156 540 fortasse
1172 504 1412 540 Boethius
1433 508 1576 547 <eum>
1602 506 1654 541 ab
1671 505 1949 542 Aristotele

291 569 542 605 dissensisse
570 571 879 607 commemorat.
909 569 975 605 ubi
1003 569 1037 605 15
1065 569 1145 605 ait¹
1186 578 1279 605 eum
1307 569 1492 605 voluisse
1528 579 1686 615 genera
1719 571 1759 606 et
1786 570 1949 615 species
1970 579 1986 604 5

290 636 513 678 ceteraque
542 644 624 670 11011
646 635 777 669 50111111
799 634 970 679 intelligi
992 633 1256 670 universalia.
1284 643 1428 669 verum
1450 634 1574 670 etiam
1597 643 1693 670 esse
1714 644 1763 670 ac
1784 636 1951 679 praeter

291 708 468 743 corpora
496 698 737 735 subsistere.
766 708 814 734 ac
842 699 876 735 si
904 699 1061 734 diceret
1093 698 1183 734 illas
1221 708 1461 734 communes
1499 699 1807 743 conceptiones,
1846 709 1950 744 quas

290 765 508 808 separatas
536 773 560 799 a
587 763 829 808 corporibus
857 763 897 798 in
926 773 1007 808 noy
1035 763 1257 801 constituit,
1286 773 1378 799 eum
1406 763 1666 799 intellexisse
1687 764 1951 803 universalia.

290 837 372 863 non
412 827 592 864 fortasse
630 828 902 873 accipientem
942 828 1178 864 universale
1207 828 1434 864 secundum
1462 837 1721 864 communem
1748 829 1951 874 praedi-

291 892 564 929 cationem.
618 893 723 928 sicut
767 892 864 928 facit
909 892 1239 931 Aristoteles,
1286 893 1359 929 sed
1399 893 1530 937 magis
1571 893 1797 929 secundum
1844 901 2006 930 com-10

291 966 455 993 munem
477 958 693 993 multorum
714 957 1112 993 similitudinem.
1164 957 1235 993 Illa
1256 966 1434 1002 namque
1456 957 1673 1002 conceptio
1697 958 1747 994 de
1768 958 1952 1003 pluribus

292 1021 400 1056 nullo
438 1021 558 1057 modo
586 1021 818 1065 praedicari
845 1020 1018 1061 videtur,
1055 1020 1161 1056 sicut
1187 1030 1338 1057 nomen
1367 1021 1474 1065 quod
1502 1021 1685 1066 pluribus
1716 1021 1951 1068 singillatIm

291 1087 465 1130 aptatur.

432 1148 569 1184 Potest
597 1150 637 1184 et
664 1148 783 1185 aliter
811 1148 915 1185 solvi
956 1149 1064 1193 quod
1104 1148 1161 1184 ait
1199 1148 1477 1185 Platonem
1516 1150 1662 1194 putare
1699 1150 1953 1186 universalia

292 1215 411 1248 extra
438 1213 651 1248 sensibilia
678 1213 917 1251 subsistere,
945 1215 988 1249 ut
1014 1213 1125 1248 nulla
1151 1212 1490 1258 philosophorum
1517 1213 1571 1250 sit
1597 1214 1831 1251 sententiae
1858 1224 1952 1251 con·
1975 1224 2006 1249 15

292 1277 507 1313 troversia.
573 1276 690 1317 Quod
725 1277 833 1313 enim
870 1278 927 1313 ait
965 1277 1299 1313 Aristoteles
1343 1277 1597 1314 universalia
1622 1278 1663 1314 in
1691 1278 1953 1315 sensibilibus

293 1350 460 1386 semper
486 1341 726 1378 subsistere.
755 1343 952 1386 quantum
981 1341 1031 1377 ad
1059 1342 1195 1377 actum
1224 1341 1336 1382 dixit,
1374 1341 1470 1386 quia
1508 1342 1666 1378 scilicet
1703 1344 1852 1378 natura
1885 1342 1954 1379 illa

296 1415 402 1450 quae
430 1406 582 1441 animal
611 1407 684 1443 est.
713 1415 820 1451 quae
848 1406 1075 1442 universali
1101 1405 1268 1442 nomine
1297 1405 1540 1452 designatur
1560 1416 1609 1443 ac
1630 1408 1856 1444 secundum
1875 1408 1954 1444 1100

294 1480 367 1515 per
389 1470 703 1506 translationem
720 1471 928 1515 quandam
944 1470 1192 1506 universalis
1213 1470 1371 1509 dicitur,
1386 1481 1590 1516 nusquam
1611 1471 1690 1508 nisi
1711 1471 1752 1508 in
1767 1472 1954 1509 sensibili

295 1543 339 1570 re
367 1534 585 1570 actualiter
618 1534 834 1579 reperitur,
863 1544 985 1579 quam
1013 1536 1151 1571 tamen
1190 1535 1337 1571 Plato
1377 1535 1620 1571 naturaliter
1655 1535 1885 1572 subsistere
1912 1536 1953 1572 in
1973 1546 2008 1571 20

295 1608 340 1635 se
369 1598 428 1634 510
454 1600 580 1643 putat,
621 1601 664 1635 ut
700 1608 795 1635 esse
833 1609 951 1635 suum
979 1599 1177 1635 retineret
1203 1609 1285 1635 non
1314 1600 1501 1636 subiecta
1535 1600 1689 1642 sensui,
1727 1601 1954 1637 secundum

293 1664 401 1708 quod
435 1673 529 1700 esse
563 1665 750 1700 naturale
785 1664 1010 1700 universali
1046 1665 1212 1700 nomine
1241 1665 1481 1710 appellatur.
1534 1665 1652 1706 Quod
1678 1665 1818 1711 itaque
1847 1665 1954 1702 Ari-

292 1729 504 1764 stoteles
533 1731 729 1773 quantum
757 1729 809 1765 ad
837 1731 973 1765 actum
1002 1729 1193 1775 denegat,
1247 1730 1404 1767 Plato.
1432 1730 1632 1775 physicae
1658 1730 1886 1775 inquisitor,
1912 1730 1953 1767 in

292 1794 467 1829 naturali
502 1794 728 1839 aptitudine
763 1794 958 1840 assignat,
995 1796 1119 1839 atque
1156 1794 1213 1830 ita
1248 1795 1358 1830 nulla
1389 1796 1453 1831 est
1480 1804 1622 1831 eorum
1656 1795 1953 1832 controversia.

434 1859 612 1895 Inductis
634 1860 772 1895 autem
794 1859 1201 1899 auctoritatibus,
1230 1869 1337 1904 quae
1359 1860 1549 1896 astruere
1569 1860 1760 1896 videntur
1779 1870 1855 1905 per
1869 1860 1955 1896 uni·
1974 1870 2008 1896 25

292 1923 473 1960 versalia
500 1924 668 1959 nomina
694 1926 919 1968 conceptas
948 1933 1187 1960 communes
1213 1924 1368 1960 formas
1390 1924 1613 1970 designari,
1640 1924 1767 1960 ratio
1790 1934 1954 1970 quoque

293 1989 530 2024 consentire
558 1988 730 2024 videtur.
784 1988 943 2034 Quippe
972 1998 1045 2025 eas
1074 1988 1295 2034 concipere
1325 1998 1399 2034 per
1425 1988 1594 2025 nomina
1622 1989 1717 2034 quid
1744 1990 1853 2026 aliud
1881 1991 1952 2029 est,

294 2063 416 2098 quam
456 2063 530 2098 per
576 2062 628 2089 ea
672 2053 927 2099 significari?
989 2053 1070 2089 Sed
1110 2054 1297 2098 profecto
1344 2063 1437 2089 cum
1475 2063 1548 2090 eas
1588 2055 1639 2090 ab
1678 2054 1953 2091 intellectibus

293 2118 481 2154 diversas
508 2118 691 2154 facimus
719 2118 799 2154 iam
828 2120 994 2163 praeter
1021 2128 1107 2154 rem
1136 2120 1176 2154 et
1203 2118 1454 2154 intellectum
1482 2118 1723 2165 tertiaJexiit
1742 2119 1954 2156 nominum

293 2182 551 2229 significatio.
605 2183 722 2223 Quod
751 2183 828 2219 etsi
856 2183 1135 2219 auctoritas
1170 2193 1251 2219 non
1292 2183 1428 2221 habet.
1468 2183 1651 2219 rationi
1693 2185 1831 2220 tamen
1870 2193 1953 2221 non
1974 2196 2009 2221 30

294 2250 358 2284 est
384 2248 618 2284 adversum.

436 2311 553 2351 Quod
581 2314 717 2347 autem
741 2312 931 2356 superius
952 2312 1215 2357 promisimus
1237 2311 1421 2351 definire,
1449 2313 1583 2348 utrum
1609 2312 1767 2348 scilicet
1786 2314 1955 2358 propter

294 2386 595 2412 communem
623 2386 821 2412 causam
857 2377 1197 2422 impositionis
1225 2377 1291 2413 vel
1316 2378 1487 2422 propter
1513 2386 1814 2413 communem
1842 2387 1954 2414 con-

294 2441 575 2486 ceptionem
604 2442 669 2477 vel
691 2443 859 2486 propter
881 2444 1095 2487 utramque
1118 2442 1392 2478 communitas
1420 2442 1716 2478 universalium
1743 2442 1953 2479 nominum

295 2505 506 2546 iudicetur,
535 2505 808 2551 assignemus.
860 2506 965 2542 Nihil
992 2508 1130 2542 autem
1158 2507 1288 2547 obest,
1330 2506 1365 2542 si
1402 2507 1572 2551 propter
1610 2507 1837 2550 utramque,
1878 2506 1950 2543 sed
1973 2521 2008 2546 35

294 2570 492 2606 maiorem
528 2571 609 2606 vim
643 2571 831 2606 obtinere
871 2571 1034 2607 videtur
1051 2560 1343 2615 [communis
1388 2563 1561 2641 causffl
1587 2579 1693 2615 quae
1726 2571 1954 2607 secundum

229 2625 232 2629 ’
295 2644 431 2671 rerum
459 2635 658 2680 accipitur
685 2637 885 2672 naturam.

435 2700 558 2736 lllud
592 2710 785 2745 quoque
820 2702 947 2745 quod
981 2710 1131 2746 supra
1159 2700 1483 2741 meminimus,
1511 2701 1801 2737 intellectus
1822 2700 1954 2737 scili—

295 2768 377 2801 cet
406 2766 774 2802 universalium
802 2765 919 2801 fieri
946 2775 1032 2811 per
1059 2765 1461 2802 abstractionem
1499 2766 1545 2801 et
1581 2765 1827 2810 quomodo
1868 2775 1953 2802 eos

297 2831 450 2871 solos,
500 2831 674 2870 nudos,
729 2840 881 2875 puros
938 2840 1030 2867 nec
1078 2832 1242 2866 tamen
1281 2840 1458 2866 cassos
1500 2830 1827 2875 appellemus,
1874 2830 1953 2867 de—
1973 2838 2008 2864 40

295 2895 567 2931 finiendum
596 2898 680 2931 est.

439 3018 456 3048 4
484 3018 674 3049 Boethium
699 3018 727 3049 A
830 3019 871 3049 15
898 3018 1082 3050 sententia
1108 3017 1383 3050 controversiae
1409 3017 1438 3049 A
1538 3017 1580 3049 22
1607 3017 1657 3049 ita
1682 3017 1711 3049 A

439 3081 449 3102 ¹
478 3082 636 3120 Boeth„
666 3082 686 3114 l.
716 3092 754 3119 cz,
783 3092 814 3122 p.
847 3082 910 3115 167
927 3081 964 3114 ¹2.
