2200 3387
318 242 386 276 248
725 242 831 274 Peter
858 241 1061 274 Abaelards
1090 240 1224 281 Logica
1251 238 1576 281 ,Ingredientibus‘.

317 335 394 371 hac
421 343 524 370 voce
554 336 747 378 ,parvum‘
777 332 1048 377 coniungitur,
1084 340 1167 367 11011
1204 340 1258 366 ex
1295 330 1527 366 maioritate
1565 330 1741 366 subiecti
1775 330 1842 366 vel
1878 331 1984 367 acci-

319 399 453 435 dentis
481 397 690 443 contingit.
728 397 801 433 sed
830 397 1057 433 secundum
1090 395 1386 441 proprietatem
1425 396 1466 430 et
1501 403 1671 430 causam
1707 395 1983 440 impositionis

319 463 506 503 nominis,
533 463 584 499 ad
613 472 733 507 quam
763 462 894 507 magis
917 461 1078 497 accedit
1098 461 1177 496 hoc
1199 460 1428 496 subiectum
1451 469 1573 504 quam
1594 459 1702 495 illud.
1754 459 1853 496 Cum
1875 459 1981 496 enim

319 538 489 574 parvum
516 529 595 564 1100
623 537 774 563 nomen
801 527 940 563 datum
969 526 1020 561 sit
1047 525 1274 561 secundum
1302 525 1380 560 hoc
1402 524 1511 569 quod
1539 524 1756 560 exceditur
1776 525 1984 569 quantitas

320 593 530 630 essentiae
560 592 733 629 subiecti
762 591 881 627 unius
910 590 1138 636 quantitate
1166 589 1349 627 alterius.
1377 589 1570 634 quicquid
1598 589 1729 635 magis
1757 589 1983 631 exceditur,

320 658 545 695 secundum
574 667 742 694 causam
766 656 941 692 nominis
965 656 1017 691 ad
1038 655 1283 690 vocabulum
1306 654 1477 695 accedit,
1499 654 1551 690 ad
1574 654 1681 698 quod
1705 654 1985 690 denotandum

319 724 543 759 iunxerunt
566 722 719 767 ,magis‘
742 721 983 757 adverbium
1006 729 1096 756 cum
1119 720 1197 755 hoc
1219 719 1385 755 nomine
1409 719 1517 763 quod
1540 720 1604 754 est
1624 723 1830 764 ‚parvum‘,
1852 719 1986 764 parvi—

320 790 446 824 tatem
468 788 507 823 in
523 787 669 824 minori
686 787 873 823 subiecto
890 786 1149 821 denotantes
1202 784 1397 820 Similiter
1411 784 1551 820 brevis
1567 784 1633 820 vel
1653 784 1786 829 magis
1800 784 1986 826 (brevis)

320 852 565 888 brevitatem
594 851 785 896 designat
812 850 922 886 circa
950 849 1179 885 subiectum
1208 848 1462 884 retractioris
1484 848 1741 884 substantiae
1764 849 1805 884 et
1825 847 1985 894 magis

321 917 448 952 breve
471 917 617 952 dicitur
638 915 757 960 quasi
773 914 1019 951 brevitatem
1040 914 1201 949 habens
1224 912 1410 954 subiecti,
1432 912 1590 948 minus
1612 913 1839 949 secundum
1859 912 1987 959 longi-

320 980 502 1016 tudinem
532 979 706 1017 extensi,
734 981 777 1014 ut
803 978 921 1023 quasi
948 978 1001 1013 ad
1028 986 1176 1013 sensus
1205 976 1527 1021 comparationis
1555 976 1803 1021 quandoque
1830 976 1986 1017 redeat,

320 1047 363 1081 ut
391 1045 549 1081 dicatur
576 1043 708 1089 magis
736 1052 907 1088 parvum
936 1042 1052 1087 quasi
1079 1042 1213 1078 minus
1240 1051 1434 1087 magnum
1460 1041 1526 1077 vel
1560 1041 1692 1087 magis
1719 1042 1846 1077 breve
1869 1041 1987 1086 quasi

321 1110 455 1146 minus
491 1110 669 1155 longum.
707 1110 747 1144 et
784 1108 947 1143 videtur
981 1108 1044 1143 vis
1081 1106 1405 1152 comparationis
1445 1107 1742 1151 quandoque
1780 1115 1874 1142 esse
1912 1115 1987 1142 se-

322 1175 527 1211 cundum
556 1173 889 1219 quantitatem
916 1172 1275 1212 subiectorum,
1304 1173 1347 1207 ut
1374 1181 1465 1207 011111
1487 1171 1633 1207 dicitur
1659 1176 1734 1207 hoc
1761 1171 1893 1207 maius
1920 1171 1987 1207 illo

322 1241 388 1277 vel
414 1240 576 1286 longius
602 1239 668 1275 vel
701 1238 868 1275 brevius
895 1238 962 1274 vel
998 1237 1174 1282 spissius
1209 1237 1276 1272 vel
1312 1236 1443 1277 latius,
1480 1237 1776 1281 quandoque
1814 1245 1987 1272 secun-

323 1306 431 1342 dum
459 1305 792 1350 quantitatem
819 1302 1174 1339 accidentium,
1211 1301 1339 1337 veluti
1365 1311 1457 1337 cum
1484 1301 1631 1337 dicitur
1656 1301 1735 1337 hoc
1761 1301 1893 1337 albius
1920 1301 1988 1337 illo

323 1371 431 1416 quod
446 1369 682 1406 densiorem
700 1369 825 1405 habet
845 1368 1092 1408 albedinem,
1109 1367 1405 1412 quandoque
1426 1375 1528 1402 vero
1550 1366 1815 1402 secundum
1837 1375 1989 1411 quan-

323 1436 518 1472 titatem
544 1444 706 1471 rerum
735 1435 1037 1474 exterarum,
1059 1434 1102 1468 ut
1123 1432 1243 1468 ditior
1263 1431 1410 1468 dicitur
1431 1431 1657 1468 secundum
1678 1431 1989 1476 possessionem

323 1501 498 1546 plurium
534 1500 779 1539 divitiarum,
817 1497 1006 1544 quamvis
1042 1499 1082 1534 et
1117 1497 1331 1533 multitudo
1368 1496 1666 1542 proprietatum
1702 1505 1844 1532 earum
1884 1505 1988 1541 quae

324 1566 619 1612 possessiones
641 1565 842 1605 dicuntur,
864 1563 1091 1599 secundum
1112 1562 1370 1598 latitudinem
1388 1571 1679 1607 possessarum
1699 1571 1837 1597 rerum
1857 1561 1990 1606 possit

324 1629 473 1666 notari.
527 1628 568 1664 Si
595 1627 686 1673 quis
714 1630 852 1663 autem
880 1627 1065 1672 quaerat,
1094 1635 1222 1670 quare
1244 1625 1375 1671 magis
1397 1626 1520 1661 homo
1542 1634 1626 1661 non
1648 1624 1807 1661 dicatur
1827 1634 1990 1670 compa-

325 1694 469 1735 rative,
497 1693 603 1729 sicut
631 1692 777 1729 dicitur
803 1691 935 1727 maior
960 1691 1094 1732 homo,
1123 1699 1214 1726 cum
1242 1689 1481 1735 magnitudo
1516 1689 1568 1725 sit
1601 1689 1828 1725 secundum
1859 1689 1990 1735 ipsam

325 1757 581 1795 substantiae
619 1756 903 1802 quantitatem,
944 1755 999 1791 nil
1026 1755 1135 1791 aliud
1169 1754 1350 1790 deficere
1380 1754 1543 1790 videtur
1574 1754 1654 1790 nisi
1682 1754 1820 1790 vocis
1849 1753 1990 1790 insti-

324 1823 467 1864 tutio,
495 1831 602 1868 quae
639 1822 691 1858 ad
725 1822 803 1857 hoc
836 1830 919 1857 non
956 1820 1029 1856 fuit
1065 1819 1347 1859 accomodata.
1384 1820 1427 1855 ut
1461 1819 1655 1855 videlicet
1689 1819 1742 1855 ad
1780 1828 1991 1864 compara-

325 1888 479 1924 tionem
506 1886 796 1923 substantialia
822 1885 992 1921 nomina
1018 1884 1199 1925 veniant,
1237 1883 1312 1920 sed
1340 1884 1504 1929 sumpta
1529 1884 1687 1919 tantum
1715 1883 1990 1920 accidentalia

325 1961 403 1988 nec
430 1951 551 1987 etiam
582 1950 730 1986 omnia.
782 1950 825 1985 In
852 1949 1000 1994 quibus
1029 1948 1155 1984 etiam
1181 1948 1355 1993 sumptis
1383 1957 1511 1993 quare
1544 1948 1650 1983 haec
1684 1947 1890 1989 eveniant,
1923 1946 1992 1983 illa

325 2026 426 2052 vero
454 2016 632 2056 minime,
667 2015 847 2051 fortasse
876 2013 1008 2060 magis
1036 2014 1087 2049 ad
1124 2012 1239 2049 vocis
1273 2012 1558 2049 inventionem
1593 2011 1763 2057 respicit
1790 2021 1911 2057 quam
1937 2011 1990 2048 ad

325 2082 516 2117 naturam
531 2079 603 2115 rei.
641 2079 760 2115 Unde
783 2088 874 2114 cum
896 2077 1122 2114 auctoritas
1143 2077 1199 2112 nil
1221 2077 1273 2112 ad
1295 2076 1649 2122 comparationem
1668 2076 1813 2112 venire
1834 2075 1991 2118 <dicat>

325 2144 406 2180 nisi
432 2143 638 2184 accidens,
665 2151 793 2178 voces
821 2151 913 2177 cum
940 2141 1072 2187 magis
1099 2141 1165 2176 vel
1193 2140 1326 2176 minus
1349 2150 1402 2176 ex
1423 2139 1664 2176 inventione
1687 2149 1763 2175 sua
1783 2139 1991 2185 coniungi-

323 2209 427 2245 biles
453 2208 621 2244 nomine
648 2207 875 2244 accidentis
904 2206 1171 2252 designamus
1199 2206 1240 2241 et
1267 2205 1418 2251 ‚magis‘
1455 2205 1696 2241 adverbium
1731 2205 1772 2240 in
1810 2214 1859 2240 eo
1896 2213 1990 2241 0011-

325 2275 506 2311 iunctum
535 2274 599 2309 est
625 2272 791 2314 nomini,
819 2274 862 2308 ut
889 2281 962 2308 eos
991 2272 1162 2308 denotet
1188 2270 1257 2316 qui
1284 2270 1415 2316 magis
1449 2270 1502 2306 ad
1535 2279 1703 2306 causam
1740 2269 1991 2306 inventionis

325 2338 515 2379 nominis,
543 2339 585 2374 ut
613 2338 765 2374 dictum
792 2338 866 2378 est,
894 2336 1109 2373 accedunt.

467 2403 581 2439 Nunc
609 2403 660 2439 ad
681 2402 841 2438 literam
862 2402 1095 2438 redeamus.
1146 2401 1315 2437 Horum
1336 2401 1479 2445 itaque
1491 2402 1513 2436 1.
1564 2400 1659 2436 Tria
1679 2400 1870 2445 superius
1891 2399 1993 2436 dixit

326 2467 552 2504 convenire
575 2467 850 2512 qualitatibus,
866 2466 954 2502 sive
975 2466 1100 2502 rebus
1122 2465 1210 2502 sive
1230 2465 1413 2505 vocibus,
1436 2464 1593 2501 scilicet
1613 2463 1992 2500 denominationem

326 2533 493 2573 habere,
534 2531 871 2567 contrarietatem
910 2530 1123 2575 suscipere
1165 2531 1205 2565 et
1243 2529 1609 2574 comparationem.
1674 2528 1789 2569 Quae
1829 2528 1992 2574 singula

328 2595 507 2632 ostendit
534 2605 615 2631 non
643 2595 869 2630 convenire
898 2594 1099 2629 omnibus.
1151 2593 1263 2628 L'nde
1291 2593 1414 2629 infert
1445 2602 1470 2629 a
1502 2594 1600 2633 toto,
1637 2592 1747 2638 quod
1780 2592 1877 2637 quia
1908 2601 1992 2628 non

327 2660 580 2697 conveniunt
607 2659 809 2700 omnibus,
842 2667 926 2694 non
954 2659 1049 2694 sunt
1074 2657 1241 2703 proprie
1268 2657 1447 2702 propria,
1475 2658 1599 2702 atque
1631 2657 1726 2693 ideo
1759 2656 1897 2693 statim
1923 2656 1992 2693 ad-

327 2725 454 2761 nectit
478 2724 645 2770 proprie
669 2723 891 2769 proprium,
920 2723 1029 2768 quod
1063 2722 1228 2767 quidem
1268 2722 1458 2759 omnibus
1486 2723 1610 2758 rebus
1637 2730 1744 2767 quae
1772 2721 1992 2767 qualitates

329 2791 433 2831 sunt,
463 2789 658 2825 convenit
685 2790 726 2825 et
752 2789 865 2830 solis,
902 2788 1061 2824 scilicet
1087 2788 1197 2833 quod
1230 2787 1457 2823 secundum
1485 2787 1724 2832 qualitatem
1761 2785 1916 2822 similes
1952 2786 1993 2821 et

2008 924 2040 949 10

2010 1248 2043 1273 15

2009 1565 2043 1591 20

2009 1888 2044 1914 25

2010 2212 2044 2237 30

2011 2539 2045 2565 35

329 2854 551 2890 dissimiles
567 2854 766 2894 dicuntur,
789 2854 894 2890 sicut
915 2853 1168 2898 quantitates
1190 2852 1388 2897 aequales
1411 2853 1452 2888 et
1465 2851 1726 2897 inaequales;
1748 2860 1831 2887 non
1852 2851 1992 2887 tamen
2011 2864 2046 2889 40

329 2919 431 2955 dixit
467 2918 727 2964 superius2
763 2919 991 2954 secundum
1027 2917 1300 2963 quantitatem
1337 2916 1416 2952 dici
1452 2916 1627 2961 aequale
1660 2916 1727 2952 vel
1760 2915 1991 2960 inaequale,

474 3047 513 3077 11
538 3047 629 3086 post
655 3045 701 3078 ad
728 3045 871 3078 lacuna
896 3045 937 3077 in
963 3044 991 3077 A
1115 3044 1158 3076 32
1187 3043 1408 3076 antecedunt
1433 3042 1463 3075 A

471 3115 482 3137 ¹
511 3116 657 3149 Boeth.
687 3116 708 3148 l.
737 3125 776 3155 c.,
803 3124 837 3156 p.
867 3115 934 3147 258
950 3115 987 3147 C.
1105 3113 1120 3136 2
1147 3114 1296 3146 Boeth.
1325 3114 1346 3146 l.
1375 3123 1413 3152 0.,
1441 3123 1476 3155 p.
1505 3113 1625 3146 216A.
