2200 3387
160 642 294 676 Boeth.

131 699 166 732 p.
182 689 253 722 205)
266 689 296 723 B

325 247 392 279 190
750 247 855 280 Peter
880 239 1084 280 Abaelards
1111 248 1247 289 Logica
1273 247 1598 289 ‚Ingredientibus‘.

325 343 675 388 circumscriptum
704 352 811 381 esse.
848 353 930 379 non
963 343 1003 379 id
1037 344 1265 380 secundum
1304 329 1602 380 continentiam
1636 344 1718 380 loci
1753 344 1873 387 dicat,
1910 345 1985 382 sed

325 408 457 453 magis
485 408 523 444 id
552 408 752 453 intelligat
773 417 938 444 omnem
966 410 1199 445 creaturam
1227 410 1384 445 certum
1407 410 1447 445 et
1474 408 1685 445 definitum
1709 419 1803 446 esse
1830 410 1985 446 habere

326 475 365 508 et
379 472 497 517 quasi
513 474 648 508 certas
665 472 876 508 essentiae
899 482 1000 509 suae
1023 482 1162 509 moras
1178 482 1447 519 cognoscere,
1463 473 1595 509 Deum
1614 473 1802 510 infinitae
1818 473 1985 510 omnino

324 537 637 582 permanentiae
665 546 761 573 esse
785 547 863 573 nec
891 538 993 574 ullas
1022 538 1111 574 eius
1138 539 1270 574 metas
1304 539 1452 574 natura
1485 538 1684 584 cognosci
1718 548 1797 575 nec
1823 539 1889 575 vel
1924 548 1987 575 ra-

325 602 436 638 tione
464 602 770 647 comprehendi.
2005 609 2022 635 5

466 666 599 703 Nunc
627 667 685 703 ad
712 667 909 703 literam
936 667 1210 703 redeamus.
1263 668 1343 709 Est,
1372 667 1512 712 inquit,
1549 668 1706 704 taliam
1747 670 1915 713 tempus
1950 670 1987 705 et

325 731 453 772 loc-ns,
489 731 529 766 id
558 732 622 766 est
649 731 699 766 de
728 740 898 766 numero
927 730 1226 771 continuorum,
1254 731 1359 766 sicut
1386 732 1428 767 et
1452 733 1537 767 tres
1573 731 1833 776 praemissae
1860 731 1988 768 conti-

324 805 432 831 nuae
460 795 725 840 quantitates.
776 796 978 830 Praesens
1004 795 1128 831 enim.
1180 795 1295 831 Prius
1324 795 1375 831 de
1399 797 1586 841 tempore
1613 797 1772 841 probat,
1799 795 1909 841 quod
1935 796 1989 832 sit

324 859 572 896 continuum,
600 859 696 903 quia
724 858 881 894 scilicet
907 858 1196 895 extremitates
1224 859 1313 895 eius
1342 860 1587 904 copulantur
1613 860 1666 896 ad
1692 869 1907 905 praesens.
1952 859 1988 896 A

324 926 441 969 parte
474 924 539 959 vel
573 933 596 958 a
629 933 767 959 causa.
828 923 914 959 Hoc
953 925 1091 959 autem
1129 925 1343 964 monstrat,
1384 933 1475 960 cum
1515 924 1572 960 ait
1610 924 1745 969 ipsum
1782 933 1985 969 praesens
2008 931 2041 957 10

325 988 555 1025 continuari
583 988 635 1024 ad
662 988 931 1033 praeteritum
958 989 1219 1033 praecedens
1248 991 1288 1025 et
1315 989 1365 1025 ad
1393 989 1573 1026 futurum
1601 991 1876 1035 subsequens,
1909 991 1987 1027 hoe

324 1055 387 1089 est
426 1053 516 1089 sine
550 1053 767 1089 intervallo
794 1053 1068 1089 intercedere.
1119 1053 1249 1090 Dicit
1287 1054 1508 1090 fortasse
1548 1055 1748 1100 aliquis,
1788 1056 1898 1101 quod
1936 1055 1988 1091 sit

324 1118 586 1154 intervallum
614 1117 721 1153 inter
747 1118 1016 1163 praeteritum
1045 1119 1085 1154 et
1110 1128 1326 1163 praesens.
1378 1121 1547 1164 Oportet
1574 1120 1695 1161 enim,
1722 1120 1862 1165 inquit,
1890 1121 1986 1156 ante

323 1183 497 1228 periisse
530 1183 811 1227 praeteritum,
846 1192 968 1227 quam
995 1183 1047 1218 sit
1073 1192 1287 1227 praesens.
1340 1183 1500 1229 Quippe
1541 1185 1734 1229 quamdiu
1772 1185 1867 1221 illud
1902 1184 1986 1227 fuit,

322 1247 429 1283 istud
456 1257 550 1283 esse
577 1257 659 1283 non
687 1249 825 1292 potest
835 1256 842 1291 ;
881 1248 990 1292 quod
1017 1247 1052 1283 si
1079 1250 1303 1293 antequam
1329 1248 1436 1284 istud
1464 1248 1526 1290 sit,
1554 1249 1651 1285 illud
1677 1249 1794 1294 perit,
1823 1251 1988 1295 oportet
2008 1255 2040 1280 15

325 1313 531 1357 quoddam
560 1312 738 1357 spatium
766 1322 858 1348 esse
885 1312 994 1348 inter
1019 1313 1288 1357 praeteritum
1316 1314 1357 1349 et
1388 1323 1601 1358 praesens,
1629 1323 1703 1359 pro
1737 1323 1818 1359 quo
1853 1314 1988 1359 possit

324 1378 402 1413 dici
431 1380 560 1415 ,antef
613 1377 693 1413 Sed
721 1377 920 1422 profecto,
958 1378 993 1413 si
1019 1378 1150 1414 verba
1176 1378 1342 1423 proprie
1371 1378 1607 1423 accipimus,
1643 1389 1727 1415 non
1755 1380 1819 1415 est
1843 1387 1987 1415 verum

322 1442 590 1487 praeteritum
618 1443 779 1487 tempus
806 1442 919 1487 prius
945 1442 1214 1487 praeteriisse
1242 1452 1364 1487 quam
1391 1452 1594 1488 praesens
1628 1443 1794 1487 existat,
1821 1444 1896 1480 sed
1921 1443 1988 1480 hic

322 1507 585 1553 intelligimus
612 1508 707 1552 post
733 1507 830 1543 illud
856 1507 975 1543 huius
1003 1507 1269 1543 existentiam
1297 1508 1435 1544 statim
1463 1508 1674 1553 consequi.

464 1571 620 1607 Rursus
648 1571 698 1607 de
725 1571 817 1606 loco
844 1571 1005 1616 repetit,
1032 1572 1076 1607 ut
1101 1571 1260 1616 probet.
1311 1571 1503 1608 Probatio
1538 1573 1676 1608 autem
1708 1572 1756 1608 fit
1781 1573 1833 1608 de
1861 1572 1988 1609 conti·
2007 1585 2042 1610 20

323 1634 519 1670 nuatione
547 1634 723 1679 partium
749 1634 838 1670 loci.
890 1634 1120 1671 Particulae
1149 1635 1335 1680 corporis
1360 1635 1515 1671 habent
1540 1636 1764 1680 particulas
1790 1635 1870 1672 loci
1890 1645 1988 1672 sese

323 1699 713 1735 circumscribentes
741 1700 782 1735 et
808 1699 928 1743 quasi
960 1699 1205 1735 ambientes.
1258 1699 1339 1736 Sed
1376 1700 1602 1744 particulae
1639 1700 1825 1745 corporis
1861 1700 1989 1737 conti-

323 1764 512 1803 nuantur,
541 1771 669 1807 quare
698 1764 738 1798 et
763 1762 992 1807 particulae
1019 1763 1110 1803 loci,
1150 1764 1190 1798 et
1223 1762 1376 1807 aliquid
1404 1763 1682 1800 determinant
1719 1764 1772 1799 ad
1809 1764 1987 1800 eundem

323 1826 552 1862 terminum.
577 1826 616 1861 id
632 1827 696 1862 est
711 1826 763 1861 ad
778 1826 1046 1868 consimilem,
1067 1828 1110 1862 ut
1131 1829 1305 1871 supral
1327 1826 1706 1863 determinavimus.
1755 1827 1828 1863 Vis
1849 1828 1988 1864 autem

322 1890 443 1926 huius
470 1891 702 1936 argumenti
724 1892 788 1926 est
808 1900 833 1927 a
852 1891 943 1936 pari
963 1891 1175 1927 comitanti
1195 1891 1262 1927 vel
1283 1901 1308 1927 a
1329 1891 1486 1927 minori.
1537 1891 1670 1928 Minus
1693 1892 1802 1928 enim
1823 1891 1987 1928 videtur
2006 1899 2040 1925 25

316 1955 375 1990 de
401 1955 613 1999 particulis
641 1955 836 1999 corporis.
866 1964 972 1999 quae
1001 1955 1306 2000 quodammodo
1335 1955 1580 1997 ambiuntur,
1610 1956 1720 2001 quod
1753 1966 1799 1992 se
1832 1956 1987 1992 contin-

323 2021 431 2065 gant,
460 2029 582 2064 quam
610 2019 660 2055 de
688 2020 899 2063 particulis
928 2020 1018 2061 loci,
1047 2029 1154 2064 quae
1189 2020 1383 2056 ambiunt.
1436 2019 1554 2060 Quod
1588 2022 1727 2056 autem
1758 2021 1986 2066 particulae

325 2084 511 2129 corporis
541 2084 729 2120 obtinent
755 2084 980 2129 particulas
1007 2084 1097 2123 loci,
1125 2084 1351 2129 praemittit
1371 2084 1443 2120 ibi:
1480 2085 1636 2121 Locum
1666 2085 1880 2129 quendam
1911 2087 1986 2121 etc.

325 2148 442 2189 Quod
469 2157 570 2184 vero
598 2148 825 2193 particulae
848 2148 1034 2193 corporis
1061 2149 1362 2189 continuantur,
1383 2149 1577 2194 supponit
1596 2149 1669 2185 ibi:
1691 2158 1810 2193 quae,
1830 2149 1988 2185 scilicet

325 2213 552 2258 particulae
580 2213 777 2258 corporis,
806 2215 881 2249 etc.
933 2213 1253 2249 Conclusionem
1281 2223 1444 2258 quoque
1472 2214 1665 2259 supponit
1690 2213 1763 2249 ibi:
1801 2213 1913 2258 Eryo
1947 2216 1985 2250 et
2007 2222 2042 2248 30

324 2278 405 2313 Ioci
432 2280 507 2314 etc.
553 2278 751 2323 Assignat
772 2278 896 2314 etiam
918 2278 999 2313 vim
1020 2278 1326 2323 propositionis,
1348 2288 1441 2314 cum
1461 2278 1663 2324 adiungit:
1691 2287 1810 2322 quae,
1831 2278 1990 2315 scilicet

323 2343 550 2387 particulae
578 2343 667 2383 Ioci,
697 2343 885 2379 obtinent
912 2343 1096 2388 singulas
1122 2344 1264 2388 partes
1287 2343 1485 2388 corporis,
1507 2343 1885 2379 circumscribendo
1912 2343 1990 2380 sci-

323 2407 420 2443 licet
441 2417 524 2443 eas.
566 2407 850 2452 Quapropter,
871 2407 967 2452 quia
989 2407 1146 2443 scilicet
1166 2409 1308 2452 partes
1330 2407 1418 2444 eius
1441 2408 1636 2453 copulant
1656 2407 1708 2444 ad
1728 2417 1988 2444 communem

324 2472 555 2512 terminum,
589 2481 688 2517 ergo
724 2474 788 2508 est
821 2472 1052 2508 continuus.
1103 2472 1138 2508 A
1164 2474 1293 2517 parte.
1345 2472 1408 2509 Ad
1443 2481 1569 2508 unum
1605 2472 1715 2508 enim
1751 2472 1988 2509 summissio

325 2538 389 2572 est
413 2537 619 2573 illationis.
672 2536 713 2572 Si
740 2537 829 2581 quis
856 2538 993 2573 autem
1022 2537 1130 2574 dicat
1155 2547 1240 2573 non
1267 2546 1363 2573 esse
1390 2537 1673 2573 necessarium
1701 2538 1989 2583 argumentum
2008 2544 2042 2570 35

324 2602 494 2646 propter
519 2604 661 2646 partes
688 2601 860 2642 numeri,
887 2601 942 2637 nil
970 2602 1150 2646 impedit.
1203 2601 1362 2638 Sufficit
1395 2601 1505 2638 enim
1540 2611 1669 2647 saepe
1705 2601 1988 2647 probabilitas.

326 2665 366 2702 Si
394 2666 484 2710 quis
512 2668 650 2702 tamen
678 2666 761 2702 vim
788 2666 976 2711 paritatis
1005 2666 1179 2702 attendit
1214 2676 1336 2711 quam
1372 2666 1462 2712 ipse
1496 2667 1695 2712 assignat,
1731 2666 1801 2702 ubi
1833 2665 1990 2702 scilicet

326 2731 439 2766 dicit:
476 2733 512 2766 et
539 2731 653 2774 quod
675 2731 921 2775 particulae
947 2731 1142 2775 eorporis
1169 2731 1357 2767 obtinent
1380 2731 1624 2776 particulas
1650 2731 1732 2767 loci
1770 2732 1811 2767 et
1844 2740 1988 2766 rursus

326 2795 434 2840 quod
461 2795 687 2840 particulae
716 2795 795 2831 loci
821 2795 1044 2840 particulas
1073 2796 1271 2841 corporis,
1293 2796 1456 2832 videtur
1475 2796 1530 2831 nil
1551 2795 1603 2832 ad
1624 2805 1840 2832 numerum
1865 2794 1989 2840 perti-

324 2869 437 2896 nere.
490 2859 625 2905 Saepe
654 2860 761 2896 enim
794 2862 936 2905 partes
970 2860 1130 2896 numeri
1165 2862 1284 2896 extra
1319 2862 1460 2905 partes
1496 2860 1683 2906 corporis
1720 2859 1986 2905 accipiuntur.
2007 2867 2042 2892 40

469 2988 510 3019 16
539 2988 683 3027 quidam
711 2987 739 3020 A
866 2988 907 3019 18
934 2985 1007 3027 hic]
1040 2988 1108 3019 hoc
1134 2987 1163 3019 A
1289 2988 1330 3019 19
1358 2987 1443 3019 illud
1472 2988 1593 3020 statim
1620 2987 1726 3019 huius
1753 2986 1987 3019 existentiam

327 3046 447 3078 statim
473 3046 500 3078 A
603 3047 644 3078 23
674 3047 891 3079 determinat
920 3047 945 3077 Λ

468 3115 477 3136 ¹
509 3116 558 3147 Cr.
587 3125 707 3156 snpra
737 3126 769 3156 p.
802 3116 914 3148 18921.
