<?xml version="1.0" encoding="UTF-8"?>
<!DOCTYPE html PUBLIC "-//W3C//DTD XHTML 1.0 Transitional//EN"
    "http://www.w3.org/TR/xhtml1/DTD/xhtml1-transitional.dtd">
<html xmlns="http://www.w3.org/1999/xhtml" xml:lang="en" lang="en">
 <head>
  <title>
</title>
<meta http-equiv="Content-Type" content="text/html;charset=utf-8" />
  <meta name='ocr-system' content='tesseract 3.04.00' />
  <meta name='ocr-capabilities' content='ocr_page ocr_carea ocr_par ocr_line ocrx_word'/>
</head>
<body>
  <div class='ocr_page' id='page_1' title='image "./philosophischesc01abeluoft_0074.png"; bbox 0 0 2200 3387; ppageno 0'>
   <div class='ocr_carea' id='block_1_1' title="bbox 188 509 289 539">
    <p class='ocr_par' dir='ltr' id='par_1_1' title="bbox 188 509 289 539">
     <span class='ocr_line' id='line_1_1' title="bbox 188 509 289 539; baseline 0.01 -1"><span class='ocrx_word' id='word_1_1' title='bbox 188 509 209 539; x_wconf 82' lang='lat' dir='ltr'>s.</span> <span class='ocrx_word' id='word_1_2' title='bbox 239 509 289 539; x_wconf 84' lang='lat' dir='ltr'>9r</span> 
     </span>
    </p>
   </div>
   <div class='ocr_carea' id='block_1_2' title="bbox 146 1381 290 1473">
    <p class='ocr_par' dir='ltr' id='par_1_2' title="bbox 146 1381 290 1473">
     <span class='ocr_line' id='line_1_2' title="bbox 157 1381 290 1417; baseline 0 -1"><span class='ocrx_word' id='word_1_3' title='bbox 157 1381 290 1417; x_wconf 70' lang='lat' dir='ltr'>Boe-th.</span> 
     </span>
     <span class='ocr_line' id='line_1_3' title="bbox 146 1430 290 1473; baseline 0 -10"><span class='ocrx_word' id='word_1_4' title='bbox 146 1440 181 1473; x_wconf 82' lang='lat' dir='ltr'>p.</span> <span class='ocrx_word' id='word_1_5' title='bbox 197 1430 267 1465; x_wconf 76' lang='lat'>230</span> <span class='ocrx_word' id='word_1_6' title='bbox 277 1431 290 1448; x_wconf 57' lang='lat' dir='ltr'>c</span> 
     </span>
    </p>
   </div>
   <div class='ocr_carea' id='block_1_3' title="bbox 315 213 1570 254">
    <p class='ocr_par' dir='ltr' id='par_1_3' title="bbox 315 213 1570 254">
     <span class='ocr_line' id='line_1_4' title="bbox 315 213 1570 254; baseline -0.002 -7"><span class='ocrx_word' id='word_1_7' title='bbox 315 214 360 247; x_wconf 67' lang='lat'>55</span> <span class='ocrx_word' id='word_1_8' title='bbox 720 215 827 246; x_wconf 75' lang='lat' dir='ltr'>Peter</span> <span class='ocrx_word' id='word_1_9' title='bbox 853 214 1056 247; x_wconf 74' lang='lat' dir='ltr'>Abaelards</span> <span class='ocrx_word' id='word_1_10' title='bbox 1084 214 1219 254; x_wconf 80' lang='lat' dir='ltr'>Loglca</span> <span class='ocrx_word' id='word_1_11' title='bbox 1245 213 1570 254; x_wconf 83' lang='lat' dir='ltr'>‚ingredientibus‘.</span> 
     </span>
    </p>
   </div>
   <div class='ocr_carea' id='block_1_4' title="bbox 314 309 2030 2733">
    <p class='ocr_par' dir='ltr' id='par_1_4' title="bbox 314 309 2029 1128">
     <span class='ocr_line' id='line_1_5' title="bbox 314 309 1973 356; baseline -0.001 -9"><span class='ocrx_word' id='word_1_12' title='bbox 314 322 395 347; x_wconf 89' lang='lat' dir='ltr'>non</span> <span class='ocrx_word' id='word_1_13' title='bbox 424 311 627 356; x_wconf 86' lang='lat' dir='ltr'>imposito.</span> <span class='ocrx_word' id='word_1_14' title='bbox 680 310 1014 346; x_wconf 72' lang='lat' dir='ltr'>H1rt1‘enlaribns</span> <span class='ocrx_word' id='word_1_15' title='bbox 1040 312 1223 348; x_wconf 51' lang='lat' dir='ltr'>autemst.</span> <span class='ocrx_word' id='word_1_16' title='bbox 1256 319 1305 346; x_wconf 88' lang='lat' dir='ltr'>ac</span> <span class='ocrx_word' id='word_1_17' title='bbox 1332 309 1366 346; x_wconf 91' lang='lat' dir='ltr'>si</span> <span class='ocrx_word' id='word_1_18' title='bbox 1400 309 1572 346; x_wconf 84' lang='lat' dir='ltr'>diceret:</span> <span class='ocrx_word' id='word_1_19' title='bbox 1608 309 1723 345; x_wconf 88' lang='lat' dir='ltr'>Unus</span> <span class='ocrx_word' id='word_1_20' title='bbox 1759 309 1882 346; x_wconf 85' lang='lat' dir='ltr'>homo</span> <span class='ocrx_word' id='word_1_21' title='bbox 1909 311 1973 346; x_wconf 84' lang='lat' dir='ltr'>est</span> 
     </span>
     <span class='ocr_line' id='line_1_6' title="bbox 314 373 1971 414; baseline -0.001 -3"><span class='ocrx_word' id='word_1_22' title='bbox 314 375 553 413; x_wconf 82' lang='lat' dir='ltr'>communis,</span> <span class='ocrx_word' id='word_1_23' title='bbox 581 375 658 411; x_wconf 83' lang='lat' dir='ltr'>hoc</span> <span class='ocrx_word' id='word_1_24' title='bbox 685 376 760 413; x_wconf 83' lang='lat' dir='ltr'>est.</span> <span class='ocrx_word' id='word_1_25' title='bbox 787 383 855 410; x_wconf 92' lang='lat' dir='ltr'>res</span> <span class='ocrx_word' id='word_1_26' title='bbox 882 374 1002 410; x_wconf 90' lang='lat' dir='ltr'>huius</span> <span class='ocrx_word' id='word_1_27' title='bbox 1028 374 1206 410; x_wconf 86' lang='lat' dir='ltr'>nominis</span> <span class='ocrx_word' id='word_1_28' title='bbox 1228 375 1374 414; x_wconf 79' lang='lat' dir='ltr'>,homo‘</span> <span class='ocrx_word' id='word_1_29' title='bbox 1398 373 1634 410; x_wconf 83' lang='lat' dir='ltr'>nominatae</span> <span class='ocrx_word' id='word_1_30' title='bbox 1656 374 1707 409; x_wconf 89' lang='lat' dir='ltr'>ab</span> <span class='ocrx_word' id='word_1_31' title='bbox 1729 383 1779 410; x_wconf 93' lang='lat' dir='ltr'>eo</span> <span class='ocrx_word' id='word_1_32' title='bbox 1800 375 1844 409; x_wconf 94' lang='lat' dir='ltr'>ut</span> <span class='ocrx_word' id='word_1_33' title='bbox 1863 383 1971 410; x_wconf 85' lang='lat' dir='ltr'>unae</span> 
     </span>
     <span class='ocr_line' id='line_1_7' title="bbox 315 437 1973 483; baseline -0.002 -7"><span class='ocrx_word' id='word_1_34' title='bbox 315 443 354 476; x_wconf 80' lang='lat' dir='ltr'>et</span> <span class='ocrx_word' id='word_1_35' title='bbox 369 448 621 477; x_wconf 79' lang='lat' dir='ltr'>communes.</span> <span class='ocrx_word' id='word_1_36' title='bbox 644 439 683 475; x_wconf 93' lang='lat' dir='ltr'>id</span> <span class='ocrx_word' id='word_1_37' title='bbox 698 440 762 475; x_wconf 92' lang='lat' dir='ltr'>est</span> <span class='ocrx_word' id='word_1_38' title='bbox 782 438 1094 479; x_wconf 89' lang='lat' dir='ltr'>convenientes,</span> <span class='ocrx_word' id='word_1_39' title='bbox 1116 440 1210 474; x_wconf 90' lang='lat' dir='ltr'>sunt</span> <span class='ocrx_word' id='word_1_40' title='bbox 1231 438 1380 483; x_wconf 86' lang='lat' dir='ltr'>plures.</span> <span class='ocrx_word' id='word_1_41' title='bbox 1402 438 1441 473; x_wconf 93' lang='lat' dir='ltr'>id</span> <span class='ocrx_word' id='word_1_42' title='bbox 1461 439 1526 474; x_wconf 91' lang='lat' dir='ltr'>est</span> <span class='ocrx_word' id='word_1_43' title='bbox 1546 437 1832 474; x_wconf 74' lang='lat' dir='ltr'>differentibus</span> <span class='ocrx_word' id='word_1_44' title='bbox 1851 437 1973 483; x_wconf 89' lang='lat' dir='ltr'>parti-</span> 
     </span>
     <span class='ocr_line' id='line_1_8' title="bbox 315 501 1974 546; baseline 0 -8"><span class='ocrx_word' id='word_1_45' title='bbox 315 503 557 545; x_wconf 76' lang='lat' dir='ltr'>cularibus!</span> <span class='ocrx_word' id='word_1_46' title='bbox 607 503 645 538; x_wconf 90' lang='lat' dir='ltr'>id</span> <span class='ocrx_word' id='word_1_47' title='bbox 673 504 736 539; x_wconf 90' lang='lat' dir='ltr'>est</span> <span class='ocrx_word' id='word_1_48' title='bbox 762 502 988 539; x_wconf 90' lang='lat' dir='ltr'>secundum</span> <span class='ocrx_word' id='word_1_49' title='bbox 1022 502 1100 538; x_wconf 90' lang='lat' dir='ltr'>hoc</span> <span class='ocrx_word' id='word_1_50' title='bbox 1128 502 1236 546; x_wconf 87' lang='lat' dir='ltr'>quod</span> <span class='ocrx_word' id='word_1_51' title='bbox 1269 501 1531 538; x_wconf 81' lang='lat' dir='ltr'>inferioribus</span> <span class='ocrx_word' id='word_1_52' title='bbox 1564 501 1800 537; x_wconf 92' lang='lat' dir='ltr'>nominibus</span> <span class='ocrx_word' id='word_1_53' title='bbox 1834 501 1974 538; x_wconf 90' lang='lat' dir='ltr'>distin-</span> 
     </span>
     <span class='ocr_line' id='line_1_9' title="bbox 315 565 2010 613; baseline -0.002 -10"><span class='ocrx_word' id='word_1_54' title='bbox 315 569 503 613; x_wconf 80' lang='lat' dir='ltr'>guuntur.</span> <span class='ocrx_word' id='word_1_55' title='bbox 551 567 787 603; x_wconf 70' lang='lat' dir='ltr'>Divisimzm</span> <span class='ocrx_word' id='word_1_56' title='bbox 808 567 933 603; x_wconf 78' lang='lat' dir='ltr'>enim.</span> <span class='ocrx_word' id='word_1_57' title='bbox 983 567 1071 603; x_wconf 95' lang='lat' dir='ltr'>Duo</span> <span class='ocrx_word' id='word_1_58' title='bbox 1092 567 1250 612; x_wconf 83' lang='lat' dir='ltr'>probat,</span> <span class='ocrx_word' id='word_1_59' title='bbox 1281 575 1388 611; x_wconf 89' lang='lat' dir='ltr'>quae</span> <span class='ocrx_word' id='word_1_60' title='bbox 1418 565 1645 602; x_wconf 89' lang='lat' dir='ltr'>novissime</span> <span class='ocrx_word' id='word_1_61' title='bbox 1675 566 1787 605; x_wconf 82' lang='lat' dir='ltr'>dixit.</span> <span class='ocrx_word' id='word_1_62' title='bbox 1818 566 1975 603; x_wconf 90' lang='lat' dir='ltr'>scilicet</span> <span class='ocrx_word' id='word_1_63' title='bbox 1993 575 2010 600; x_wconf 89' lang='lat'>5</span> 
     </span>
     <span class='ocr_line' id='line_1_10' title="bbox 317 630 1974 677; baseline 0 -9"><span class='ocrx_word' id='word_1_64' title='bbox 317 631 425 677; x_wconf 89' lang='lat' dir='ltr'>quod</span> <span class='ocrx_word' id='word_1_65' title='bbox 453 631 717 677; x_wconf 82' lang='lat' dir='ltr'>particularia</span> <span class='ocrx_word' id='word_1_66' title='bbox 743 632 957 671; x_wconf 82' lang='lat' dir='ltr'>voeabula,</span> <span class='ocrx_word' id='word_1_67' title='bbox 985 641 1092 676; x_wconf 88' lang='lat' dir='ltr'>quae</span> <span class='ocrx_word' id='word_1_68' title='bbox 1129 631 1203 667; x_wconf 90' lang='lat' dir='ltr'>sub</span> <span class='ocrx_word' id='word_1_69' title='bbox 1239 631 1405 667; x_wconf 89' lang='lat' dir='ltr'>homine</span> <span class='ocrx_word' id='word_1_70' title='bbox 1438 632 1542 671; x_wconf 90' lang='lat' dir='ltr'>sunt,</span> <span class='ocrx_word' id='word_1_71' title='bbox 1579 630 1837 667; x_wconf 83' lang='lat' dir='ltr'>distributiva</span> <span class='ocrx_word' id='word_1_72' title='bbox 1869 632 1974 673; x_wconf 89' lang='lat' dir='ltr'>sunt,</span> 
     </span>
     <span class='ocr_line' id='line_1_11' title="bbox 317 695 1976 742; baseline 0 -10"><span class='ocrx_word' id='word_1_73' title='bbox 317 699 356 733; x_wconf 90' lang='lat' dir='ltr'>et</span> <span class='ocrx_word' id='word_1_74' title='bbox 385 696 494 742; x_wconf 92' lang='lat' dir='ltr'>quod</span> <span class='ocrx_word' id='word_1_75' title='bbox 520 696 697 732; x_wconf 88' lang='lat' dir='ltr'>hominis</span> <span class='ocrx_word' id='word_1_76' title='bbox 724 706 875 732; x_wconf 91' lang='lat' dir='ltr'>nomen</span> <span class='ocrx_word' id='word_1_77' title='bbox 904 696 1170 732; x_wconf 86' lang='lat' dir='ltr'>adunativum</span> <span class='ocrx_word' id='word_1_78' title='bbox 1199 697 1272 737; x_wconf 84' lang='lat' dir='ltr'>est,</span> <span class='ocrx_word' id='word_1_79' title='bbox 1308 695 1404 740; x_wconf 91' lang='lat' dir='ltr'>quia</span> <span class='ocrx_word' id='word_1_80' title='bbox 1438 695 1596 731; x_wconf 90' lang='lat' dir='ltr'>scilicet</span> <span class='ocrx_word' id='word_1_81' title='bbox 1627 695 1767 731; x_wconf 87' lang='lat' dir='ltr'>omnia</span> <span class='ocrx_word' id='word_1_82' title='bbox 1801 695 1976 740; x_wconf 89' lang='lat' dir='ltr'>particu-</span> 
     </span>
     <span class='ocr_line' id='line_1_12' title="bbox 316 759 1976 801; baseline -0.001 -4"><span class='ocrx_word' id='word_1_83' title='bbox 316 761 417 797; x_wconf 86' lang='lat' dir='ltr'>laria</span> <span class='ocrx_word' id='word_1_84' title='bbox 444 761 541 797; x_wconf 92' lang='lat' dir='ltr'>illud</span> <span class='ocrx_word' id='word_1_85' title='bbox 567 761 732 798; x_wconf 85' lang='lat' dir='ltr'>habent.</span> <span class='ocrx_word' id='word_1_86' title='bbox 761 763 801 797; x_wconf 88' lang='lat' dir='ltr'>et</span> <span class='ocrx_word' id='word_1_87' title='bbox 827 770 919 797; x_wconf 89' lang='lat' dir='ltr'>esse</span> <span class='ocrx_word' id='word_1_88' title='bbox 948 770 1176 801; x_wconf 89' lang='lat' dir='ltr'>commune,</span> <span class='ocrx_word' id='word_1_89' title='bbox 1204 760 1243 796; x_wconf 91' lang='lat' dir='ltr'>id</span> <span class='ocrx_word' id='word_1_90' title='bbox 1278 762 1342 796; x_wconf 93' lang='lat' dir='ltr'>est</span> <span class='ocrx_word' id='word_1_91' title='bbox 1374 760 1622 801; x_wconf 84' lang='lat' dir='ltr'>universale,</span> <span class='ocrx_word' id='word_1_92' title='bbox 1650 759 1728 796; x_wconf 90' lang='lat' dir='ltr'>hoc</span> <span class='ocrx_word' id='word_1_93' title='bbox 1753 760 1890 796; x_wconf 89' lang='lat' dir='ltr'>habet.</span> <span class='ocrx_word' id='word_1_94' title='bbox 1940 760 1976 796; x_wconf 92' lang='lat' dir='ltr'><strong>A</strong></span> 
     </span>
     <span class='ocr_line' id='line_1_13' title="bbox 317 824 1976 870; baseline -0.001 -9"><span class='ocrx_word' id='word_1_95' title='bbox 317 826 424 862; x_wconf 88' lang='lat' dir='ltr'>totis.</span> <span class='ocrx_word' id='word_1_96' title='bbox 476 825 523 861; x_wconf 89' lang='lat' dir='ltr'>Et</span> <span class='ocrx_word' id='word_1_97' title='bbox 549 825 626 861; x_wconf 88' lang='lat' dir='ltr'>hoc</span> <span class='ocrx_word' id='word_1_98' title='bbox 653 827 733 861; x_wconf 82' lang='lat' dir='ltr'>est:</span> <span class='ocrx_word' id='word_1_99' title='bbox 770 826 999 869; x_wconf 68' lang='lat' dir='ltr'>Sinqulare</span> <span class='ocrx_word' id='word_1_100' title='bbox 1024 835 1202 870; x_wconf 77' lang='lat' dir='ltr'>semper,</span> <span class='ocrx_word' id='word_1_101' title='bbox 1228 825 1268 860; x_wconf 93' lang='lat' dir='ltr'>id</span> <span class='ocrx_word' id='word_1_102' title='bbox 1295 826 1358 861; x_wconf 90' lang='lat' dir='ltr'>est</span> <span class='ocrx_word' id='word_1_103' title='bbox 1384 833 1518 865; x_wconf 91' lang='lat' dir='ltr'>omne,</span> <span class='ocrx_word' id='word_1_104' title='bbox 1545 826 1602 860; x_wconf 78' lang='lat' dir='ltr'>est</span> <span class='ocrx_word' id='word_1_105' title='bbox 1629 825 1871 867; x_wconf 78' lang='lat' dir='ltr'>divisivum,</span> <span class='ocrx_word' id='word_1_106' title='bbox 1896 824 1976 860; x_wconf 91' lang='lat' dir='ltr'>hoc</span> 
     </span>
     <span class='ocr_line' id='line_1_14' title="bbox 317 887 2029 932; baseline 0.001 -7"><span class='ocrx_word' id='word_1_107' title='bbox 317 891 381 925; x_wconf 91' lang='lat' dir='ltr'>est</span> <span class='ocrx_word' id='word_1_108' title='bbox 407 898 493 925; x_wconf 91' lang='lat' dir='ltr'>rem</span> <span class='ocrx_word' id='word_1_109' title='bbox 521 898 638 925; x_wconf 90' lang='lat' dir='ltr'>suam</span> <span class='ocrx_word' id='word_1_110' title='bbox 666 889 885 925; x_wconf 88' lang='lat' dir='ltr'>nominans</span> <span class='ocrx_word' id='word_1_111' title='bbox 913 890 955 924; x_wconf 93' lang='lat' dir='ltr'>ut</span> <span class='ocrx_word' id='word_1_112' title='bbox 982 888 1243 925; x_wconf 77' lang='lat' dir='ltr'>differentem</span> <span class='ocrx_word' id='word_1_113' title='bbox 1279 898 1303 924; x_wconf 91' lang='lat' dir='ltr'>a</span> <span class='ocrx_word' id='word_1_114' title='bbox 1342 898 1386 924; x_wconf 90' lang='lat' dir='ltr'>re</span> <span class='ocrx_word' id='word_1_115' title='bbox 1426 887 1606 929; x_wconf 86' lang='lat' dir='ltr'>alterius,</span> <span class='ocrx_word' id='word_1_116' title='bbox 1641 889 1682 923; x_wconf 95' lang='lat' dir='ltr'>et</span> <span class='ocrx_word' id='word_1_117' title='bbox 1716 888 1832 932; x_wconf 78' lang='lat' dir='ltr'>quod</span> <span class='ocrx_word' id='word_1_118' title='bbox 1865 897 2029 927; x_wconf 85' lang='lat' dir='ltr'>eom-10</span> 
     </span>
     <span class='ocr_line' id='line_1_15' title="bbox 319 952 1974 996; baseline -0.001 -7"><span class='ocrx_word' id='word_1_119' title='bbox 319 964 445 989; x_wconf 75' lang='lat' dir='ltr'>mane</span> <span class='ocrx_word' id='word_1_120' title='bbox 471 956 540 996; x_wconf 79' lang='lat' dir='ltr'>est,</span> <span class='ocrx_word' id='word_1_121' title='bbox 567 953 605 989; x_wconf 91' lang='lat' dir='ltr'>id</span> <span class='ocrx_word' id='word_1_122' title='bbox 638 955 701 989; x_wconf 91' lang='lat' dir='ltr'>est</span> <span class='ocrx_word' id='word_1_123' title='bbox 723 953 958 989; x_wconf 88' lang='lat' dir='ltr'>universale</span> <span class='ocrx_word' id='word_1_124' title='bbox 979 954 1235 994; x_wconf 86' lang='lat' dir='ltr'>vocabulum,</span> <span class='ocrx_word' id='word_1_125' title='bbox 1263 954 1327 989; x_wconf 91' lang='lat' dir='ltr'>est</span> <span class='ocrx_word' id='word_1_126' title='bbox 1354 952 1613 989; x_wconf 87' lang='lat' dir='ltr'>collectivum</span> <span class='ocrx_word' id='word_1_127' title='bbox 1634 953 1675 989; x_wconf 91' lang='lat' dir='ltr'>et</span> <span class='ocrx_word' id='word_1_128' title='bbox 1695 952 1974 993; x_wconf 83' lang='lat' dir='ltr'>adunativum,</span> 
     </span>
     <span class='ocr_line' id='line_1_16' title="bbox 317 1016 1977 1063; baseline -0.001 -9"><span class='ocrx_word' id='word_1_129' title='bbox 317 1019 425 1063; x_wconf 93' lang='lat' dir='ltr'>quod</span> <span class='ocrx_word' id='word_1_130' title='bbox 447 1018 641 1054; x_wconf 77' lang='lat' dir='ltr'>videlicet</span> <span class='ocrx_word' id='word_1_131' title='bbox 667 1018 726 1053; x_wconf 88' lang='lat' dir='ltr'>sic</span> <span class='ocrx_word' id='word_1_132' title='bbox 754 1017 871 1063; x_wconf 85' lang='lat' dir='ltr'>plura</span> <span class='ocrx_word' id='word_1_133' title='bbox 896 1018 1091 1058; x_wconf 90' lang='lat' dir='ltr'>nominat,</span> <span class='ocrx_word' id='word_1_134' title='bbox 1119 1019 1162 1053; x_wconf 92' lang='lat' dir='ltr'>ut</span> <span class='ocrx_word' id='word_1_135' title='bbox 1189 1027 1240 1053; x_wconf 88' lang='lat' dir='ltr'>ea</span> <span class='ocrx_word' id='word_1_136' title='bbox 1266 1017 1430 1059; x_wconf 90' lang='lat' dir='ltr'>adunet,</span> <span class='ocrx_word' id='word_1_137' title='bbox 1458 1016 1498 1053; x_wconf 94' lang='lat' dir='ltr'>id</span> <span class='ocrx_word' id='word_1_138' title='bbox 1525 1018 1589 1053; x_wconf 93' lang='lat' dir='ltr'>est</span> <span class='ocrx_word' id='word_1_139' title='bbox 1615 1018 1658 1053; x_wconf 91' lang='lat' dir='ltr'>ut</span> <span class='ocrx_word' id='word_1_140' title='bbox 1684 1017 1977 1053; x_wconf 89' lang='lat' dir='ltr'>convenientia</span> 
     </span>
     <span class='ocr_line' id='line_1_17' title="bbox 316 1083 506 1128; baseline -0.005 -10"><span class='ocrx_word' id='word_1_141' title='bbox 316 1083 506 1128; x_wconf 73' lang='lat' dir='ltr'>appesset</span> 
     </span>
    </p>

    <p class='ocr_par' dir='ltr' id='par_1_5' title="bbox 316 1144 2029 1375">
     <span class='ocr_line' id='line_1_18' title="bbox 456 1144 1975 1190; baseline 0 -9"><span class='ocrx_word' id='word_1_142' title='bbox 456 1145 579 1181; x_wconf 87' lang='lat' dir='ltr'>Nota</span> <span class='ocrx_word' id='word_1_143' title='bbox 599 1147 749 1186; x_wconf 90' lang='lat' dir='ltr'>autem,</span> <span class='ocrx_word' id='word_1_144' title='bbox 765 1146 885 1190; x_wconf 87' lang='lat' dir='ltr'>quod,</span> <span class='ocrx_word' id='word_1_145' title='bbox 907 1147 950 1181; x_wconf 91' lang='lat' dir='ltr'>ut</span> <span class='ocrx_word' id='word_1_146' title='bbox 964 1145 1022 1181; x_wconf 90' lang='lat' dir='ltr'>ait</span> <span class='ocrx_word' id='word_1_147' title='bbox 1044 1145 1287 1182; x_wconf 85' lang='lat' dir='ltr'>Boethius</span> <span class='ocrx_word' id='word_1_148' title='bbox 1309 1155 1459 1190; x_wconf 89' lang='lat' dir='ltr'>supra</span> <span class='ocrx_word' id='word_1_149' title='bbox 1472 1145 1659 1190; x_wconf 86' lang='lat' dir='ltr'>Topica</span> <span class='ocrx_word' id='word_1_150' title='bbox 1678 1144 1853 1181; x_wconf 91' lang='lat' dir='ltr'>Cicero</span> <span class='ocrx_word' id='word_1_151' title='bbox 1866 1145 1975 1186; x_wconf 79' lang='lat' dir='ltr'>nis2,</span> 
     </span>
     <span class='ocr_line' id='line_1_19' title="bbox 317 1209 2029 1256; baseline 0.001 -9"><span class='ocrx_word' id='word_1_152' title='bbox 317 1211 452 1247; x_wconf 90' lang='lat' dir='ltr'>Plato</span> <span class='ocrx_word' id='word_1_153' title='bbox 486 1211 592 1246; x_wconf 90' lang='lat' dir='ltr'>hanc</span> <span class='ocrx_word' id='word_1_154' title='bbox 628 1210 842 1247; x_wconf 88' lang='lat' dir='ltr'>scientiam</span> <span class='ocrx_word' id='word_1_155' title='bbox 878 1210 1088 1246; x_wconf 91' lang='lat' dir='ltr'>dividendi</span> <span class='ocrx_word' id='word_1_156' title='bbox 1121 1212 1162 1246; x_wconf 94' lang='lat' dir='ltr'>et</span> <span class='ocrx_word' id='word_1_157' title='bbox 1195 1210 1472 1256; x_wconf 88' lang='lat' dir='ltr'>coniungendi</span> <span class='ocrx_word' id='word_1_158' title='bbox 1505 1209 1750 1246; x_wconf 82' lang='lat' dir='ltr'>dialecticen</span> <span class='ocrx_word' id='word_1_159' title='bbox 1784 1210 1974 1255; x_wconf 84' lang='lat' dir='ltr'>appellat,</span> <span class='ocrx_word' id='word_1_160' title='bbox 1997 1223 2029 1250; x_wconf 88' lang='lat'>15</span> 
     </span>
     <span class='ocr_line' id='line_1_20' title="bbox 316 1272 1976 1320; baseline -0.001 -10"><span class='ocrx_word' id='word_1_161' title='bbox 316 1274 627 1310; x_wconf 84' lang='lat' dir='ltr'>Aristoteles</span> <span class='ocrx_word' id='word_1_162' title='bbox 660 1283 761 1310; x_wconf 90' lang='lat' dir='ltr'>vero</span> <span class='ocrx_word' id='word_1_163' title='bbox 789 1273 965 1320; x_wconf 83' lang='lat' dir='ltr'>logicam</span> <span class='ocrx_word' id='word_1_164' title='bbox 992 1276 1126 1315; x_wconf 90' lang='lat' dir='ltr'>vocat,</span> <span class='ocrx_word' id='word_1_165' title='bbox 1157 1283 1280 1319; x_wconf 89' lang='lat' dir='ltr'>quam</span> <span class='ocrx_word' id='word_1_166' title='bbox 1313 1272 1495 1309; x_wconf 90' lang='lat' dir='ltr'>Cicero</span> <span class='ocrx_word' id='word_1_167' title='bbox 1524 1272 1710 1309; x_wconf 81' lang='lat' dir='ltr'>definivit</span> <span class='ocrx_word' id='word_1_168' title='bbox 1738 1272 1976 1319; x_wconf 88' lang='lat' dir='ltr'>diligentem</span> 
     </span>
     <span class='ocr_line' id='line_1_21' title="bbox 317 1338 790 1375; baseline -0.004 0"><span class='ocrx_word' id='word_1_169' title='bbox 317 1339 520 1375; x_wconf 89' lang='lat' dir='ltr'>rationem</span> <span class='ocrx_word' id='word_1_170' title='bbox 549 1338 790 1375; x_wconf 87' lang='lat' dir='ltr'>disserendi.</span> 
     </span>
    </p>

    <p class='ocr_par' dir='ltr' id='par_1_6' title="bbox 315 1400 2030 2348">
     <span class='ocr_line' id='line_1_22' title="bbox 458 1400 1976 1448; baseline -0.001 -10"><span class='ocrx_word' id='word_1_171' title='bbox 458 1403 684 1447; x_wconf 67' lang='lat' dir='ltr'>Assiynato</span> <span class='ocrx_word' id='word_1_172' title='bbox 717 1404 872 1438; x_wconf 77' lang='lat' dir='ltr'>autem.</span> <span class='ocrx_word' id='word_1_173' title='bbox 922 1402 1143 1446; x_wconf 88' lang='lat' dir='ltr'>Postquam</span> <span class='ocrx_word' id='word_1_174' title='bbox 1170 1401 1356 1438; x_wconf 78' lang='lat' dir='ltr'>definivit</span> <span class='ocrx_word' id='word_1_175' title='bbox 1387 1411 1518 1448; x_wconf 90' lang='lat' dir='ltr'>genus</span> <span class='ocrx_word' id='word_1_176' title='bbox 1547 1402 1588 1436; x_wconf 90' lang='lat' dir='ltr'>et</span> <span class='ocrx_word' id='word_1_177' title='bbox 1614 1400 1808 1446; x_wconf 91' lang='lat' dir='ltr'>speciem,</span> <span class='ocrx_word' id='word_1_178' title='bbox 1843 1400 1976 1437; x_wconf 90' lang='lat' dir='ltr'>deter-</span> 
     </span>
     <span class='ocr_line' id='line_1_23' title="bbox 317 1465 1976 1513; baseline -0.001 -10"><span class='ocrx_word' id='word_1_179' title='bbox 317 1467 497 1508; x_wconf 85' lang='lat' dir='ltr'>minavit,</span> <span class='ocrx_word' id='word_1_180' title='bbox 525 1477 631 1512; x_wconf 90' lang='lat' dir='ltr'>quae</span> <span class='ocrx_word' id='word_1_181' title='bbox 659 1467 741 1503; x_wconf 91' lang='lat' dir='ltr'>sint</span> <span class='ocrx_word' id='word_1_182' title='bbox 761 1476 919 1513; x_wconf 89' lang='lat' dir='ltr'>genera</span> <span class='ocrx_word' id='word_1_183' title='bbox 939 1466 1267 1513; x_wconf 88' lang='lat' dir='ltr'>generalissima,</span> <span class='ocrx_word' id='word_1_184' title='bbox 1289 1476 1396 1511; x_wconf 90' lang='lat' dir='ltr'>quae</span> <span class='ocrx_word' id='word_1_185' title='bbox 1418 1466 1669 1507; x_wconf 86' lang='lat' dir='ltr'>subalterna,</span> <span class='ocrx_word' id='word_1_186' title='bbox 1686 1475 1791 1510; x_wconf 90' lang='lat' dir='ltr'>quae</span> <span class='ocrx_word' id='word_1_187' title='bbox 1812 1465 1976 1510; x_wconf 86' lang='lat' dir='ltr'>species</span> 
     </span>
     <span class='ocr_line' id='line_1_24' title="bbox 317 1530 2030 1577; baseline -0.002 -9"><span class='ocrx_word' id='word_1_188' title='bbox 317 1532 655 1577; x_wconf 87' lang='lat' dir='ltr'>specialissimae,</span> <span class='ocrx_word' id='word_1_189' title='bbox 695 1541 802 1576; x_wconf 89' lang='lat' dir='ltr'>quae</span> <span class='ocrx_word' id='word_1_190' title='bbox 838 1541 933 1573; x_wconf 85' lang='lat' dir='ltr'>non,</span> <span class='ocrx_word' id='word_1_191' title='bbox 973 1533 1014 1567; x_wconf 93' lang='lat' dir='ltr'>et</span> <span class='ocrx_word' id='word_1_192' title='bbox 1051 1532 1250 1576; x_wconf 84' lang='lat' dir='ltr'>pleraque</span> <span class='ocrx_word' id='word_1_193' title='bbox 1286 1531 1368 1567; x_wconf 88' lang='lat' dir='ltr'>alia</span> <span class='ocrx_word' id='word_1_194' title='bbox 1402 1532 1487 1566; x_wconf 89' lang='lat' dir='ltr'>tam</span> <span class='ocrx_word' id='word_1_195' title='bbox 1514 1530 1565 1566; x_wconf 91' lang='lat' dir='ltr'>de</span> <span class='ocrx_word' id='word_1_196' title='bbox 1592 1530 1815 1575; x_wconf 88' lang='lat' dir='ltr'>generibus</span> <span class='ocrx_word' id='word_1_197' title='bbox 1851 1539 1975 1575; x_wconf 85' lang='lat' dir='ltr'>quam</span> <span class='ocrx_word' id='word_1_198' title='bbox 1995 1545 2030 1570; x_wconf 83' lang='lat'>20</span> 
     </span>
     <span class='ocr_line' id='line_1_25' title="bbox 317 1595 1976 1641; baseline -0.001 -9"><span class='ocrx_word' id='word_1_199' title='bbox 317 1597 367 1632; x_wconf 92' lang='lat' dir='ltr'>de</span> <span class='ocrx_word' id='word_1_200' title='bbox 395 1596 614 1641; x_wconf 89' lang='lat' dir='ltr'>speciebus</span> <span class='ocrx_word' id='word_1_201' title='bbox 641 1596 896 1639; x_wconf 89' lang='lat' dir='ltr'>monstravit,</span> <span class='ocrx_word' id='word_1_202' title='bbox 919 1596 971 1632; x_wconf 88' lang='lat' dir='ltr'>ad</span> <span class='ocrx_word' id='word_1_203' title='bbox 994 1596 1351 1632; x_wconf 81' lang='lat' dir='ltr'>determinandam</span> <span class='ocrx_word' id='word_1_204' title='bbox 1371 1595 1726 1641; x_wconf 88' lang='lat' dir='ltr'>praedicationem</span> <span class='ocrx_word' id='word_1_205' title='bbox 1747 1596 1831 1630; x_wconf 89' lang='lat' dir='ltr'>tam</span> <span class='ocrx_word' id='word_1_206' title='bbox 1850 1603 1976 1640; x_wconf 90' lang='lat' dir='ltr'>gene-</span> 
     </span>
     <span class='ocr_line' id='line_1_26' title="bbox 315 1658 1975 1705; baseline -0.001 -9"><span class='ocrx_word' id='word_1_207' title='bbox 315 1669 403 1696; x_wconf 89' lang='lat' dir='ltr'>rum</span> <span class='ocrx_word' id='word_1_208' title='bbox 425 1669 547 1705; x_wconf 92' lang='lat' dir='ltr'>quam</span> <span class='ocrx_word' id='word_1_209' title='bbox 574 1660 807 1705; x_wconf 86' lang='lat' dir='ltr'>specierum</span> <span class='ocrx_word' id='word_1_210' title='bbox 834 1659 1005 1701; x_wconf 87' lang='lat' dir='ltr'>accedit,</span> <span class='ocrx_word' id='word_1_211' title='bbox 1034 1660 1261 1696; x_wconf 89' lang='lat' dir='ltr'>ostendens</span> <span class='ocrx_word' id='word_1_212' title='bbox 1289 1659 1446 1695; x_wconf 90' lang='lat' dir='ltr'>scilicet</span> <span class='ocrx_word' id='word_1_213' title='bbox 1471 1667 1629 1704; x_wconf 90' lang='lat' dir='ltr'>genera</span> <span class='ocrx_word' id='word_1_214' title='bbox 1654 1668 1737 1694; x_wconf 92' lang='lat' dir='ltr'>non</span> <span class='ocrx_word' id='word_1_215' title='bbox 1764 1658 1897 1694; x_wconf 91' lang='lat' dir='ltr'>solum</span> <span class='ocrx_word' id='word_1_216' title='bbox 1924 1658 1975 1694; x_wconf 90' lang='lat' dir='ltr'>de</span> 
     </span>
     <span class='ocr_line' id='line_1_27' title="bbox 315 1723 1976 1770; baseline -0.001 -10"><span class='ocrx_word' id='word_1_217' title='bbox 315 1725 516 1770; x_wconf 87' lang='lat' dir='ltr'>proximis</span> <span class='ocrx_word' id='word_1_218' title='bbox 543 1724 763 1770; x_wconf 90' lang='lat' dir='ltr'>speciebus</span> <span class='ocrx_word' id='word_1_219' title='bbox 790 1724 1034 1770; x_wconf 87' lang='lat' dir='ltr'>praedicari,</span> <span class='ocrx_word' id='word_1_220' title='bbox 1061 1734 1205 1760; x_wconf 89' lang='lat' dir='ltr'>verum</span> <span class='ocrx_word' id='word_1_221' title='bbox 1233 1724 1357 1760; x_wconf 89' lang='lat' dir='ltr'>etiam</span> <span class='ocrx_word' id='word_1_222' title='bbox 1384 1723 1435 1760; x_wconf 90' lang='lat' dir='ltr'>de</span> <span class='ocrx_word' id='word_1_223' title='bbox 1464 1723 1665 1764; x_wconf 87' lang='lat' dir='ltr'>omnibus,</span> <span class='ocrx_word' id='word_1_224' title='bbox 1693 1732 1800 1768; x_wconf 88' lang='lat' dir='ltr'>quae</span> <span class='ocrx_word' id='word_1_225' title='bbox 1828 1732 1976 1768; x_wconf 94' lang='lat' dir='ltr'>suppo-</span> 
     </span>
     <span class='ocr_line' id='line_1_28' title="bbox 316 1787 1976 1834; baseline -0.002 -9"><span class='ocrx_word' id='word_1_226' title='bbox 316 1789 396 1825; x_wconf 89' lang='lat' dir='ltr'>sita</span> <span class='ocrx_word' id='word_1_227' title='bbox 415 1790 511 1825; x_wconf 91' lang='lat' dir='ltr'>sunt</span> <span class='ocrx_word' id='word_1_228' title='bbox 533 1789 753 1834; x_wconf 87' lang='lat' dir='ltr'>speciebus</span> <span class='ocrx_word' id='word_1_229' title='bbox 775 1790 816 1825; x_wconf 93' lang='lat' dir='ltr'>et</span> <span class='ocrx_word' id='word_1_230' title='bbox 837 1788 975 1825; x_wconf 87' lang='lat' dir='ltr'>omnia</span> <span class='ocrx_word' id='word_1_231' title='bbox 995 1788 1211 1834; x_wconf 88' lang='lat' dir='ltr'>superiora</span> <span class='ocrx_word' id='word_1_232' title='bbox 1232 1788 1282 1824; x_wconf 91' lang='lat' dir='ltr'>de</span> <span class='ocrx_word' id='word_1_233' title='bbox 1304 1787 1554 1833; x_wconf 88' lang='lat' dir='ltr'>quibuslibet</span> <span class='ocrx_word' id='word_1_234' title='bbox 1574 1787 1838 1823; x_wconf 75' lang='lat' dir='ltr'>inferioribus</span> <span class='ocrx_word' id='word_1_235' title='bbox 1858 1796 1976 1833; x_wconf 91' lang='lat' dir='ltr'>prae-</span> 
     </span>
     <span class='ocr_line' id='line_1_29' title="bbox 316 1851 2030 1898; baseline 0.001 -9"><span class='ocrx_word' id='word_1_236' title='bbox 316 1853 443 1890; x_wconf 89' lang='lat' dir='ltr'>dicari</span> <span class='ocrx_word' id='word_1_237' title='bbox 464 1854 676 1894; x_wconf 82' lang='lat' dir='ltr'>monstrat,</span> <span class='ocrx_word' id='word_1_238' title='bbox 698 1853 896 1890; x_wconf 69' lang='lat' dir='ltr'>inferiora</span> <span class='ocrx_word' id='word_1_239' title='bbox 910 1862 1011 1889; x_wconf 93' lang='lat' dir='ltr'>vero</span> <span class='ocrx_word' id='word_1_240' title='bbox 1028 1853 1078 1889; x_wconf 93' lang='lat' dir='ltr'>de</span> <span class='ocrx_word' id='word_1_241' title='bbox 1100 1852 1385 1898; x_wconf 88' lang='lat' dir='ltr'>superioribus</span> <span class='ocrx_word' id='word_1_242' title='bbox 1406 1852 1583 1889; x_wconf 90' lang='lat' dir='ltr'>minime.</span> <span class='ocrx_word' id='word_1_243' title='bbox 1622 1851 1696 1888; x_wconf 88' lang='lat' dir='ltr'>Hic</span> <span class='ocrx_word' id='word_1_244' title='bbox 1717 1851 1827 1888; x_wconf 93' lang='lat' dir='ltr'>enim</span> <span class='ocrx_word' id='word_1_245' title='bbox 1848 1861 1976 1897; x_wconf 84' lang='lat' dir='ltr'>,prae-</span> <span class='ocrx_word' id='word_1_246' title='bbox 1995 1866 2030 1892; x_wconf 86' lang='lat'>25</span> 
     </span>
     <span class='ocr_line' id='line_1_30' title="bbox 316 1916 1976 1963; baseline -0.002 -9"><span class='ocrx_word' id='word_1_247' title='bbox 316 1918 453 1954; x_wconf 78' lang='lat' dir='ltr'>dicari‘</span> <span class='ocrx_word' id='word_1_248' title='bbox 482 1919 524 1954; x_wconf 93' lang='lat' dir='ltr'>ut</span> <span class='ocrx_word' id='word_1_249' title='bbox 551 1918 602 1954; x_wconf 94' lang='lat' dir='ltr'>de</span> <span class='ocrx_word' id='word_1_250' title='bbox 629 1919 824 1954; x_wconf 90' lang='lat' dir='ltr'>contento</span> <span class='ocrx_word' id='word_1_251' title='bbox 845 1918 1018 1963; x_wconf 88' lang='lat' dir='ltr'>accepit,</span> <span class='ocrx_word' id='word_1_252' title='bbox 1045 1919 1242 1963; x_wconf 90' lang='lat' dir='ltr'>quantum</span> <span class='ocrx_word' id='word_1_253' title='bbox 1269 1917 1495 1953; x_wconf 89' lang='lat' dir='ltr'>maioribus</span> <span class='ocrx_word' id='word_1_254' title='bbox 1516 1917 1582 1953; x_wconf 92' lang='lat' dir='ltr'>vel</span> <span class='ocrx_word' id='word_1_255' title='bbox 1609 1916 1854 1961; x_wconf 89' lang='lat' dir='ltr'>aequalibus</span> <span class='ocrx_word' id='word_1_256' title='bbox 1881 1925 1976 1952; x_wconf 90' lang='lat' dir='ltr'>con-</span> 
     </span>
     <span class='ocr_line' id='line_1_31' title="bbox 316 1981 1975 2028; baseline -0.001 -10"><span class='ocrx_word' id='word_1_257' title='bbox 316 1983 439 2025; x_wconf 89' lang='lat' dir='ltr'>venit,</span> <span class='ocrx_word' id='word_1_258' title='bbox 467 1983 576 2028; x_wconf 91' lang='lat' dir='ltr'>quod</span> <span class='ocrx_word' id='word_1_259' title='bbox 604 1983 693 2028; x_wconf 87' lang='lat' dir='ltr'>ipse</span> <span class='ocrx_word' id='word_1_260' title='bbox 715 1983 974 2023; x_wconf 87' lang='lat' dir='ltr'>determinat,</span> <span class='ocrx_word' id='word_1_261' title='bbox 1000 1982 1056 2018; x_wconf 92' lang='lat' dir='ltr'>ibi</span> <span class='ocrx_word' id='word_1_262' title='bbox 1076 1982 1253 2019; x_wconf 83' lang='lat' dir='ltr'>scilicet:</span> <span class='ocrx_word' id='word_1_263' title='bbox 1284 1982 1455 2027; x_wconf 73' lang='lat' dir='ltr'>Oportet</span> <span class='ocrx_word' id='word_1_264' title='bbox 1488 1983 1563 2017; x_wconf 76' lang='lat' dir='ltr'>aut</span> <span class='ocrx_word' id='word_1_265' title='bbox 1590 1984 1636 2017; x_wconf 83' lang='lat' dir='ltr'>de</span> <span class='ocrx_word' id='word_1_266' title='bbox 1662 1981 1810 2026; x_wconf 78' lang='lat' dir='ltr'>aequis</span> <span class='ocrx_word' id='word_1_267' title='bbox 1836 1990 1975 2026; x_wconf 82' lang='lat' dir='ltr'>aequa</span> 
     </span>
     <span class='ocr_line' id='line_1_32' title="bbox 318 2043 1976 2091; baseline -0.002 -8"><span class='ocrx_word' id='word_1_268' title='bbox 318 2047 561 2085; x_wconf 68' lang='lat' dir='ltr'>praedicari</span> <span class='ocrx_word' id='word_1_269' title='bbox 576 2048 641 2083; x_wconf 90' lang='lat' dir='ltr'>etc</span> <span class='ocrx_word' id='word_1_270' title='bbox 654 2049 678 2082; x_wconf 79' lang='lat'>³.</span> <span class='ocrx_word' id='word_1_271' title='bbox 708 2046 824 2087; x_wconf 89' lang='lat' dir='ltr'>Quod</span> <span class='ocrx_word' id='word_1_272' title='bbox 847 2048 984 2082; x_wconf 88' lang='lat' dir='ltr'>autem</span> <span class='ocrx_word' id='word_1_273' title='bbox 1000 2046 1051 2082; x_wconf 91' lang='lat' dir='ltr'>de</span> <span class='ocrx_word' id='word_1_274' title='bbox 1072 2045 1383 2091; x_wconf 89' lang='lat' dir='ltr'>praedicatione</span> <span class='ocrx_word' id='word_1_275' title='bbox 1398 2054 1475 2081; x_wconf 88' lang='lat' dir='ltr'>nos</span> <span class='ocrx_word' id='word_1_276' title='bbox 1497 2044 1660 2080; x_wconf 92' lang='lat' dir='ltr'>instruit</span> <span class='ocrx_word' id='word_1_277' title='bbox 1682 2063 1723 2069; x_wconf 88' lang='lat'>—</span> <span class='ocrx_word' id='word_1_278' title='bbox 1746 2044 1797 2080; x_wconf 93' lang='lat' dir='ltr'>de</span> <span class='ocrx_word' id='word_1_279' title='bbox 1819 2043 1976 2080; x_wconf 88' lang='lat' dir='ltr'>scilicet</span> 
     </span>
     <span class='ocr_line' id='line_1_33' title="bbox 316 2109 1974 2157; baseline -0.002 -9"><span class='ocrx_word' id='word_1_280' title='bbox 316 2111 627 2157; x_wconf 88' lang='lat' dir='ltr'>praedicatione</span> <span class='ocrx_word' id='word_1_281' title='bbox 643 2113 726 2147; x_wconf 90' lang='lat' dir='ltr'>tam</span> <span class='ocrx_word' id='word_1_282' title='bbox 741 2120 873 2157; x_wconf 89' lang='lat' dir='ltr'>genus</span> <span class='ocrx_word' id='word_1_283' title='bbox 887 2120 1010 2156; x_wconf 87' lang='lat' dir='ltr'>quam</span> <span class='ocrx_word' id='word_1_284' title='bbox 1025 2110 1209 2156; x_wconf 89' lang='lat' dir='ltr'>speciem</span> <span class='ocrx_word' id='word_1_285' title='bbox 1225 2109 1461 2146; x_wconf 80' lang='lat' dir='ltr'>definiendo</span> <span class='ocrx_word' id='word_1_286' title='bbox 1477 2109 1730 2145; x_wconf 90' lang='lat' dir='ltr'>mentionem</span> <span class='ocrx_word' id='word_1_287' title='bbox 1750 2109 1908 2145; x_wconf 77' lang='lat' dir='ltr'>iecerat</span> <span class='ocrx_word' id='word_1_288' title='bbox 1918 2129 1974 2150; x_wconf 85' lang='lat'>—,</span> 
     </span>
     <span class='ocr_line' id='line_1_34' title="bbox 317 2172 2029 2221; baseline -0.001 -10"><span class='ocrx_word' id='word_1_289' title='bbox 317 2175 496 2212; x_wconf 83' lang='lat' dir='ltr'>maxime</span> <span class='ocrx_word' id='word_1_290' title='bbox 529 2175 582 2211; x_wconf 91' lang='lat' dir='ltr'>ad</span> <span class='ocrx_word' id='word_1_291' title='bbox 613 2174 997 2221; x_wconf 88' lang='lat' dir='ltr'>argumentationes</span> <span class='ocrx_word' id='word_1_292' title='bbox 1025 2174 1147 2215; x_wconf 85' lang='lat' dir='ltr'>valet,</span> <span class='ocrx_word' id='word_1_293' title='bbox 1184 2175 1227 2209; x_wconf 92' lang='lat' dir='ltr'>ut</span> <span class='ocrx_word' id='word_1_294' title='bbox 1252 2173 1445 2209; x_wconf 90' lang='lat' dir='ltr'>videlicet</span> <span class='ocrx_word' id='word_1_295' title='bbox 1471 2173 1524 2208; x_wconf 88' lang='lat' dir='ltr'>ad</span> <span class='ocrx_word' id='word_1_296' title='bbox 1551 2182 1625 2208; x_wconf 90' lang='lat' dir='ltr'>eas</span> <span class='ocrx_word' id='word_1_297' title='bbox 1661 2172 1973 2217; x_wconf 87' lang='lat' dir='ltr'>componendas</span> <span class='ocrx_word' id='word_1_298' title='bbox 1994 2188 2029 2213; x_wconf 82' lang='lat'>30</span> 
     </span>
     <span class='ocr_line' id='line_1_35' title="bbox 316 2235 1976 2283; baseline -0.001 -10"><span class='ocrx_word' id='word_1_299' title='bbox 316 2247 459 2274; x_wconf 82' lang='lat' dir='ltr'>veram</span> <span class='ocrx_word' id='word_1_300' title='bbox 486 2237 818 2283; x_wconf 86' lang='lat' dir='ltr'>complexionem</span> <span class='ocrx_word' id='word_1_301' title='bbox 845 2237 1114 2274; x_wconf 90' lang='lat' dir='ltr'>terminorum</span> <span class='ocrx_word' id='word_1_302' title='bbox 1141 2236 1321 2273; x_wconf 91' lang='lat' dir='ltr'>sciamus</span> <span class='ocrx_word' id='word_1_303' title='bbox 1349 2236 1515 2282; x_wconf 84' lang='lat' dir='ltr'>eligere,</span> <span class='ocrx_word' id='word_1_304' title='bbox 1554 2237 1597 2272; x_wconf 90' lang='lat' dir='ltr'>ut</span> <span class='ocrx_word' id='word_1_305' title='bbox 1632 2235 1789 2272; x_wconf 90' lang='lat' dir='ltr'>scilicet</span> <span class='ocrx_word' id='word_1_306' title='bbox 1814 2235 1976 2272; x_wconf 93' lang='lat' dir='ltr'>noveri—</span> 
     </span>
     <span class='ocr_line' id='line_1_36' title="bbox 316 2301 1519 2348; baseline -0.001 -10"><span class='ocrx_word' id='word_1_307' title='bbox 316 2312 417 2339; x_wconf 89' lang='lat' dir='ltr'>mus.</span> <span class='ocrx_word' id='word_1_308' title='bbox 446 2302 514 2347; x_wconf 90' lang='lat' dir='ltr'>qui</span> <span class='ocrx_word' id='word_1_309' title='bbox 540 2302 705 2339; x_wconf 91' lang='lat' dir='ltr'>termini</span> <span class='ocrx_word' id='word_1_310' title='bbox 730 2302 781 2339; x_wconf 90' lang='lat' dir='ltr'>de</span> <span class='ocrx_word' id='word_1_311' title='bbox 809 2303 956 2348; x_wconf 90' lang='lat' dir='ltr'>quibus</span> <span class='ocrx_word' id='word_1_312' title='bbox 984 2302 1191 2338; x_wconf 89' lang='lat' dir='ltr'>veraciter</span> <span class='ocrx_word' id='word_1_313' title='bbox 1216 2301 1519 2347; x_wconf 91' lang='lat' dir='ltr'>praedicentur.</span> 
     </span>
    </p>

    <p class='ocr_par' dir='ltr' id='par_1_7' title="bbox 317 2364 2029 2733">
     <span class='ocr_line' id='line_1_37' title="bbox 459 2364 1975 2412; baseline -0.002 -9"><span class='ocrx_word' id='word_1_314' title='bbox 459 2367 540 2403; x_wconf 91' lang='lat' dir='ltr'>Sed</span> <span class='ocrx_word' id='word_1_315' title='bbox 567 2367 632 2403; x_wconf 92' lang='lat' dir='ltr'>hic</span> <span class='ocrx_word' id='word_1_316' title='bbox 659 2367 824 2412; x_wconf 92' lang='lat' dir='ltr'>quidem</span> <span class='ocrx_word' id='word_1_317' title='bbox 850 2366 1260 2412; x_wconf 86' lang='lat' dir='ltr'>praedicationis</span> <span class='ocrx_word' id='word_1_318' title='bbox 1288 2366 1466 2402; x_wconf 91' lang='lat' dir='ltr'>modos</span> <span class='ocrx_word' id='word_1_319' title='bbox 1494 2365 1768 2411; x_wconf 91' lang='lat' dir='ltr'>diligenter</span> <span class='ocrx_word' id='word_1_320' title='bbox 1800 2364 1975 2401; x_wconf 90' lang='lat' dir='ltr'>distin-</span> 
     </span>
     <span class='ocr_line' id='line_1_38' title="bbox 317 2429 1975 2478; baseline -0.002 -10"><span class='ocrx_word' id='word_1_321' title='bbox 317 2442 375 2478; x_wconf 87' lang='lat' dir='ltr'>gu</span> <span class='ocrx_word' id='word_1_322' title='bbox 388 2441 534 2468; x_wconf 77' lang='lat' dir='ltr'>amus</span> <span class='ocrx_word' id='word_1_323' title='bbox 586 2431 797 2477; x_wconf 90' lang='lat' dir='ltr'>Accipitur</span> <span class='ocrx_word' id='word_1_324' title='bbox 823 2433 962 2468; x_wconf 90' lang='lat' dir='ltr'>autem</span> <span class='ocrx_word' id='word_1_325' title='bbox 988 2430 1222 2476; x_wconf 89' lang='lat' dir='ltr'>praedicari</span> <span class='ocrx_word' id='word_1_326' title='bbox 1248 2440 1341 2466; x_wconf 92' lang='lat' dir='ltr'>uno</span> <span class='ocrx_word' id='word_1_327' title='bbox 1369 2430 1509 2466; x_wconf 93' lang='lat' dir='ltr'>modo</span> <span class='ocrx_word' id='word_1_328' title='bbox 1532 2431 1728 2475; x_wconf 91' lang='lat' dir='ltr'>quantum</span> <span class='ocrx_word' id='word_1_329' title='bbox 1751 2429 1803 2466; x_wconf 88' lang='lat' dir='ltr'>ad</span> <span class='ocrx_word' id='word_1_330' title='bbox 1823 2438 1975 2465; x_wconf 90' lang='lat' dir='ltr'>enun-</span> 
     </span>
     <span class='ocr_line' id='line_1_39' title="bbox 317 2493 2029 2538; baseline -0.002 -6"><span class='ocrx_word' id='word_1_331' title='bbox 317 2496 576 2532; x_wconf 88' lang='lat' dir='ltr'>tiationem</span> <span class='ocrx_word' id='word_1_332' title='bbox 605 2497 776 2535; x_wconf 87' lang='lat' dir='ltr'>solam.</span> <span class='ocrx_word' id='word_1_333' title='bbox 804 2496 893 2532; x_wconf 90' lang='lat' dir='ltr'>sive</span> <span class='ocrx_word' id='word_1_334' title='bbox 920 2505 1062 2532; x_wconf 89' lang='lat' dir='ltr'>veram</span> <span class='ocrx_word' id='word_1_335' title='bbox 1090 2496 1248 2532; x_wconf 88' lang='lat' dir='ltr'>scilicet</span> <span class='ocrx_word' id='word_1_336' title='bbox 1270 2495 1359 2531; x_wconf 88' lang='lat' dir='ltr'>sive</span> <span class='ocrx_word' id='word_1_337' title='bbox 1386 2495 1546 2536; x_wconf 75' lang='lat' dir='ltr'>falsam,</span> <span class='ocrx_word' id='word_1_338' title='bbox 1574 2494 1664 2530; x_wconf 91' lang='lat' dir='ltr'>sive</span> <span class='ocrx_word' id='word_1_339' title='bbox 1685 2493 1975 2530; x_wconf 76' lang='lat' dir='ltr'>affirmativam</span> <span class='ocrx_word' id='word_1_340' title='bbox 1994 2512 2029 2538; x_wconf 84' lang='lat'>35</span> 
     </span>
     <span class='ocr_line' id='line_1_40' title="bbox 318 2558 1976 2607; baseline -0.002 -10"><span class='ocrx_word' id='word_1_341' title='bbox 318 2560 407 2597; x_wconf 81' lang='lat' dir='ltr'>sive</span> <span class='ocrx_word' id='word_1_342' title='bbox 443 2561 692 2607; x_wconf 86' lang='lat' dir='ltr'>negativam,</span> <span class='ocrx_word' id='word_1_343' title='bbox 730 2561 958 2597; x_wconf 90' lang='lat' dir='ltr'>secundum</span> <span class='ocrx_word' id='word_1_344' title='bbox 985 2560 1095 2605; x_wconf 89' lang='lat' dir='ltr'>quod</span> <span class='ocrx_word' id='word_1_345' title='bbox 1123 2560 1288 2605; x_wconf 91' lang='lat' dir='ltr'>quidem</span> <span class='ocrx_word' id='word_1_346' title='bbox 1324 2560 1364 2595; x_wconf 93' lang='lat' dir='ltr'>in</span> <span class='ocrx_word' id='word_1_347' title='bbox 1393 2559 1502 2596; x_wconf 91' lang='lat' dir='ltr'>omni</span> <span class='ocrx_word' id='word_1_348' title='bbox 1528 2558 1840 2604; x_wconf 89' lang='lat' dir='ltr'>praedicatione</span> <span class='ocrx_word' id='word_1_349' title='bbox 1867 2559 1976 2594; x_wconf 91' lang='lat' dir='ltr'>cate-</span> 
     </span>
     <span class='ocr_line' id='line_1_41' title="bbox 317 2623 1976 2671; baseline -0.002 -10"><span class='ocrx_word' id='word_1_350' title='bbox 317 2625 459 2671; x_wconf 90' lang='lat' dir='ltr'>gorica</span> <span class='ocrx_word' id='word_1_351' title='bbox 485 2625 769 2670; x_wconf 88' lang='lat' dir='ltr'>praedicativa</span> <span class='ocrx_word' id='word_1_352' title='bbox 799 2625 945 2661; x_wconf 90' lang='lat' dir='ltr'>dicitur</span> <span class='ocrx_word' id='word_1_353' title='bbox 974 2625 1040 2661; x_wconf 91' lang='lat' dir='ltr'>vel</span> <span class='ocrx_word' id='word_1_354' title='bbox 1071 2624 1111 2660; x_wconf 92' lang='lat' dir='ltr'>in</span> <span class='ocrx_word' id='word_1_355' title='bbox 1143 2625 1253 2661; x_wconf 92' lang='lat' dir='ltr'>omni</span> <span class='ocrx_word' id='word_1_356' title='bbox 1285 2624 1522 2670; x_wconf 89' lang='lat' dir='ltr'>categorica</span> <span class='ocrx_word' id='word_1_357' title='bbox 1548 2623 1831 2668; x_wconf 88' lang='lat' dir='ltr'>propositione</span> <span class='ocrx_word' id='word_1_358' title='bbox 1857 2631 1976 2668; x_wconf 91' lang='lat' dir='ltr'>prae-</span> 
     </span>
     <span class='ocr_line' id='line_1_42' title="bbox 317 2686 1975 2733; baseline -0.002 -9"><span class='ocrx_word' id='word_1_359' title='bbox 317 2688 495 2725; x_wconf 90' lang='lat' dir='ltr'>dicatum</span> <span class='ocrx_word' id='word_1_360' title='bbox 530 2698 625 2724; x_wconf 88' lang='lat' dir='ltr'>esse</span> <span class='ocrx_word' id='word_1_361' title='bbox 661 2688 848 2724; x_wconf 71' lang='lat' dir='ltr'>dicitur4.</span> <span class='ocrx_word' id='word_1_362' title='bbox 898 2688 1010 2724; x_wconf 91' lang='lat' dir='ltr'>Alio</span> <span class='ocrx_word' id='word_1_363' title='bbox 1043 2687 1184 2724; x_wconf 91' lang='lat' dir='ltr'>modo</span> <span class='ocrx_word' id='word_1_364' title='bbox 1217 2687 1450 2733; x_wconf 89' lang='lat' dir='ltr'>praedicari</span> <span class='ocrx_word' id='word_1_365' title='bbox 1486 2686 1658 2722; x_wconf 87' lang='lat' dir='ltr'>sumitur</span> <span class='ocrx_word' id='word_1_366' title='bbox 1695 2695 1778 2722; x_wconf 92' lang='lat' dir='ltr'>non</span> <span class='ocrx_word' id='word_1_367' title='bbox 1816 2686 1975 2722; x_wconf 89' lang='lat' dir='ltr'>tantum</span> 
     </span>
    </p>
   </div>
   <div class='ocr_carea' id='block_1_5' title="bbox 320 2820 1974 2924">
    <p class='ocr_par' dir='ltr' id='par_1_8' title="bbox 320 2820 1974 2924">
     <span class='ocr_line' id='line_1_43' title="bbox 463 2820 1974 2865; baseline -0.002 -8"><span class='ocrx_word' id='word_1_368' title='bbox 463 2827 476 2857; x_wconf 94' lang='lat'>1</span> <span class='ocrx_word' id='word_1_369' title='bbox 507 2825 666 2865; x_wconf 90' lang='lat' dir='ltr'>impositi</span> <span class='ocrx_word' id='word_1_370' title='bbox 687 2825 714 2857; x_wconf 89' lang='lat' dir='ltr'><strong><em>A</em></strong></span> <span class='ocrx_word' id='word_1_371' title='bbox 793 2825 810 2856; x_wconf 89' lang='grc'>7</span> <span class='ocrx_word' id='word_1_372' title='bbox 839 2825 884 2856; x_wconf 87' lang='lat' dir='ltr'>ad</span> <span class='ocrx_word' id='word_1_373' title='bbox 910 2833 983 2857; x_wconf 85' lang='lat' dir='ltr'>una</span> <span class='ocrx_word' id='word_1_374' title='bbox 1003 2825 1051 2856; x_wconf 76' lang='lat' dir='ltr'>tffi</span> <span class='ocrx_word' id='word_1_375' title='bbox 1074 2824 1105 2855; x_wconf 88' lang='lat' dir='ltr'><strong><em>A</em></strong></span> <span class='ocrx_word' id='word_1_376' title='bbox 1182 2824 1222 2856; x_wconf 87' lang='lat'>10</span> <span class='ocrx_word' id='word_1_377' title='bbox 1250 2821 1415 2863; x_wconf 85' lang='lat' dir='ltr'>alterius]</span> <span class='ocrx_word' id='word_1_378' title='bbox 1443 2823 1568 2855; x_wconf 88' lang='lat' dir='ltr'>altaris</span> <span class='ocrx_word' id='word_1_379' title='bbox 1594 2822 1625 2855; x_wconf 84' lang='lat' dir='ltr'><strong><em>A</em></strong></span> <span class='ocrx_word' id='word_1_380' title='bbox 1724 2823 1765 2854; x_wconf 84' lang='lat'>12</span> <span class='ocrx_word' id='word_1_381' title='bbox 1793 2820 1860 2861; x_wconf 89' lang='lat' dir='ltr'>sic]</span> <span class='ocrx_word' id='word_1_382' title='bbox 1886 2822 1918 2855; x_wconf 88' lang='lat' dir='ltr'>si</span> <span class='ocrx_word' id='word_1_383' title='bbox 1943 2821 1974 2854; x_wconf 92' lang='lat' dir='ltr'><strong><em>A</em></strong></span> 
     </span>
     <span class='ocr_line' id='line_1_44' title="bbox 320 2881 1972 2924; baseline -0.002 -8"><span class='ocrx_word' id='word_1_384' title='bbox 320 2885 360 2915; x_wconf 98' lang='grc'>14</span> <span class='ocrx_word' id='word_1_385' title='bbox 382 2885 516 2924; x_wconf 68' lang='lat' dir='ltr'>topyca</span> <span class='ocrx_word' id='word_1_386' title='bbox 529 2884 559 2916; x_wconf 89' lang='lat' dir='ltr'><strong><em>A</em></strong></span> <span class='ocrx_word' id='word_1_387' title='bbox 612 2885 653 2916; x_wconf 83' lang='lat'>19</span> <span class='ocrx_word' id='word_1_388' title='bbox 671 2892 765 2924; x_wconf 87' lang='lat' dir='ltr'>quae</span> <span class='ocrx_word' id='word_1_389' title='bbox 781 2885 799 2915; x_wconf 84' lang='lat'>2</span> <span class='ocrx_word' id='word_1_390' title='bbox 812 2883 853 2921; x_wconf 88' lang='lat'>&gt;&lt;</span> <span class='ocrx_word' id='word_1_391' title='bbox 870 2884 909 2915; x_wconf 78' lang='lat' dir='ltr'>in</span> <span class='ocrx_word' id='word_1_392' title='bbox 922 2883 953 2916; x_wconf 88' lang='lat' dir='ltr'><strong><em>A</em></strong></span> <span class='ocrx_word' id='word_1_393' title='bbox 1005 2883 1047 2915; x_wconf 87' lang='grc'>26</span> <span class='ocrx_word' id='word_1_394' title='bbox 1063 2883 1274 2923; x_wconf 88' lang='lat' dir='ltr'>aequalibet</span> <span class='ocrx_word' id='word_1_395' title='bbox 1287 2882 1314 2914; x_wconf 88' lang='lat' dir='ltr'><strong><em>A</em></strong></span> <span class='ocrx_word' id='word_1_396' title='bbox 1369 2882 1411 2914; x_wconf 85' lang='lat'>28</span> <span class='ocrx_word' id='word_1_397' title='bbox 1425 2882 1539 2918; x_wconf 88' lang='lat' dir='ltr'>Quam</span> <span class='ocrx_word' id='word_1_398' title='bbox 1554 2881 1584 2914; x_wconf 88' lang='lat' dir='ltr'><strong><em>A</em></strong></span> <span class='ocrx_word' id='word_1_399' title='bbox 1635 2881 1678 2913; x_wconf 88' lang='lat'>38</span> <span class='ocrx_word' id='word_1_400' title='bbox 1693 2881 1928 2922; x_wconf 84' lang='lat' dir='ltr'>praedicatur</span> <span class='ocrx_word' id='word_1_401' title='bbox 1942 2881 1972 2912; x_wconf 90' lang='lat' dir='ltr'><strong><em>A</em></strong></span> 
     </span>
    </p>
   </div>
   <div class='ocr_carea' id='block_1_6' title="bbox 318 2953 1972 3119">
    <p class='ocr_par' dir='ltr' id='par_1_9' title="bbox 318 2953 1972 3119">
     <span class='ocr_line' id='line_1_45' title="bbox 459 2953 1972 2999; baseline -0.003 -6"><span class='ocrx_word' id='word_1_402' title='bbox 459 2959 469 2981; x_wconf 91' lang='lat'>¹</span> <span class='ocrx_word' id='word_1_403' title='bbox 498 2959 797 2998; x_wconf 84' lang='lat' dir='ltr'>Abaelardus,</span> <span class='ocrx_word' id='word_1_404' title='bbox 829 2960 949 2993; x_wconf 79' lang='lat' dir='ltr'>Theol.</span> <span class='ocrx_word' id='word_1_405' title='bbox 978 2960 1102 2992; x_wconf 80' lang='lat' dir='ltr'>christ.</span> <span class='ocrx_word' id='word_1_406' title='bbox 1131 2959 1186 2991; x_wconf 91' lang='lat' dir='ltr'>ed.</span> <span class='ocrx_word' id='word_1_407' title='bbox 1214 2958 1377 2990; x_wconf 90' lang='lat' dir='ltr'>Cousin</span> <span class='ocrx_word' id='word_1_408' title='bbox 1397 2958 1435 2996; x_wconf 92' lang='lat' dir='ltr'>II,</span> <span class='ocrx_word' id='word_1_409' title='bbox 1463 2967 1497 2998; x_wconf 89' lang='lat' dir='ltr'>p.</span> <span class='ocrx_word' id='word_1_410' title='bbox 1520 2958 1587 2990; x_wconf 85' lang='grc'>486</span> <span class='ocrx_word' id='word_1_411' title='bbox 1613 2956 1684 2996; x_wconf 91' lang='lat' dir='ltr'>(PL</span> <span class='ocrx_word' id='word_1_412' title='bbox 1707 2957 1784 2996; x_wconf 89' lang='lat'>178,</span> <span class='ocrx_word' id='word_1_413' title='bbox 1808 2953 1972 2999; x_wconf 84' lang='lat' dir='ltr'>1250A);</span> 
     </span>
     <span class='ocr_line' id='line_1_46' title="bbox 318 3015 1926 3059; baseline -0.002 -8"><span class='ocrx_word' id='word_1_414' title='bbox 318 3019 360 3051; x_wconf 80' lang='lat' dir='ltr'>cs.</span> <span class='ocrx_word' id='word_1_415' title='bbox 388 3019 568 3057; x_wconf 87' lang='lat' dir='ltr'>Brandt‚</span> <span class='ocrx_word' id='word_1_416' title='bbox 597 3019 618 3051; x_wconf 88' lang='lat' dir='ltr'>l.</span> <span class='ocrx_word' id='word_1_417' title='bbox 647 3028 685 3057; x_wconf 82' lang='lat' dir='ltr'>c.,</span> <span class='ocrx_word' id='word_1_418' title='bbox 714 3028 747 3059; x_wconf 88' lang='lat' dir='ltr'>p.</span> <span class='ocrx_word' id='word_1_419' title='bbox 775 3018 868 3051; x_wconf 77' lang='grc'>2289</span> <span class='ocrx_word' id='word_1_420' title='bbox 892 3020 990 3051; x_wconf 90' lang='lat' dir='ltr'>nota.</span> <span class='ocrx_word' id='word_1_421' title='bbox 1088 3017 1102 3039; x_wconf 82' lang='lat'><strong>2</strong></span> <span class='ocrx_word' id='word_1_422' title='bbox 1128 3018 1288 3055; x_wconf 91' lang='lat' dir='ltr'>Boeth.,</span> <span class='ocrx_word' id='word_1_423' title='bbox 1317 3017 1362 3049; x_wconf 83' lang='lat' dir='ltr'>In</span> <span class='ocrx_word' id='word_1_424' title='bbox 1392 3017 1478 3057; x_wconf 83' lang='lat' dir='ltr'>Top.</span> <span class='ocrx_word' id='word_1_425' title='bbox 1507 3016 1589 3054; x_wconf 67' lang='lat' dir='ltr'>Cic„</span> <span class='ocrx_word' id='word_1_426' title='bbox 1616 3015 1673 3048; x_wconf 85' lang='lat' dir='ltr'>PL</span> <span class='ocrx_word' id='word_1_427' title='bbox 1699 3016 1754 3055; x_wconf 86' lang='grc'>64,</span> <span class='ocrx_word' id='word_1_428' title='bbox 1783 3015 1872 3048; x_wconf 87' lang='grc'>1045</span> <span class='ocrx_word' id='word_1_429' title='bbox 1887 3015 1926 3047; x_wconf 88' lang='grc' dir='ltr'>Β.</span> 
     </span>
     <span class='ocr_line' id='line_1_47' title="bbox 458 3073 1897 3119; baseline -0.003 -9"><span class='ocrx_word' id='word_1_430' title='bbox 458 3076 472 3099; x_wconf 83' lang='grc'><strong>3</strong></span> <span class='ocrx_word' id='word_1_431' title='bbox 497 3078 657 3116; x_wconf 86' lang='lat' dir='ltr'>Boeth.,</span> <span class='ocrx_word' id='word_1_432' title='bbox 684 3078 729 3110; x_wconf 86' lang='lat' dir='ltr'>In</span> <span class='ocrx_word' id='word_1_433' title='bbox 755 3078 893 3119; x_wconf 83' lang='lat' dir='ltr'>Porph.</span> <span class='ocrx_word' id='word_1_434' title='bbox 921 3077 976 3110; x_wconf 91' lang='lat' dir='ltr'>ed.</span> <span class='ocrx_word' id='word_1_435' title='bbox 1003 3077 1032 3109; x_wconf 89' lang='grc' dir='ltr'><strong>Π</strong></span> <span class='ocrx_word' id='word_1_436' title='bbox 1059 3077 1080 3110; x_wconf 90' lang='lat' dir='ltr'>l.</span> <span class='ocrx_word' id='word_1_437' title='bbox 1108 3085 1147 3116; x_wconf 82' lang='lat' dir='ltr'>c.‚</span> <span class='ocrx_word' id='word_1_438' title='bbox 1175 3085 1208 3117; x_wconf 91' lang='lat' dir='ltr'>p.</span> <span class='ocrx_word' id='word_1_439' title='bbox 1237 3074 1358 3108; x_wconf 74' lang='lat'>23014.</span> <span class='ocrx_word' id='word_1_440' title='bbox 1456 3075 1469 3097; x_wconf 78' lang='lat'>4</span> <span class='ocrx_word' id='word_1_441' title='bbox 1498 3075 1548 3108; x_wconf 76' lang='lat' dir='ltr'>Cf.</span> <span class='ocrx_word' id='word_1_442' title='bbox 1576 3082 1708 3116; x_wconf 82' lang='lat' dir='ltr'>supra,</span> <span class='ocrx_word' id='word_1_443' title='bbox 1736 3083 1770 3115; x_wconf 89' lang='lat' dir='ltr'>p.</span> <span class='ocrx_word' id='word_1_444' title='bbox 1800 3075 1841 3106; x_wconf 89' lang='lat'>17</span> <span class='ocrx_word' id='word_1_445' title='bbox 1856 3073 1897 3106; x_wconf 82' lang='lat'>2⁵.</span> 
     </span>
    </p>
   </div>
  </div>
 </body>
</html>
