2200 3387
396 270 426 303 2.
455 270 521 304 Die
547 270 704 304 Glossen
732 280 775 303 zu
803 270 871 303 den
902 270 1136 311 Kategorien.
1165 288 1208 293 —
1238 269 1288 302 De
1315 269 1513 311 speciebus
1540 271 1669 302 motus.
1816 266 1885 302 303

205 375 351 404 verum
368 369 450 411 est;
466 367 501 404 si
518 367 633 404 iuxta
656 367 985 404 Aristotelem
1002 366 1161 403 falsum.
1191 366 1351 411 Quippe
1369 366 1608 402 Boethius
1629 368 1884 403 crementum

209 434 249 468 et
270 432 583 469 diminutionem
601 435 685 474 <et>
702 432 1049 478 permutationem
1067 432 1142 468 sub
1164 434 1274 468 motu
1298 432 1525 467 secundum
1549 432 1681 467 locum
1706 431 1886 471 includit.

207 499 249 534 ut
276 498 426 534 dictum
456 500 530 536 est.
559 498 836 535 considerans
864 497 1022 533 scilicet
1049 497 1233 542 potius)>¹
1262 497 1395 532 locum
1424 496 1739 532 substantialem
1764 506 1886 541 quam

207 563 492 608 quantitatem.
545 563 645 600 Nam
663 563 911 608 permutatio
935 572 1008 607 per
1035 562 1351 597 substantialem
1375 561 1592 606 accipitur;
1630 561 1886 597 incremento

170 637 186 661 5
208 637 310 664 vero
339 630 378 665 et
406 629 676 665 diminutione
711 629 826 664 locus
860 627 1161 673 quantitativus
1200 626 1506 671 quodammodo
1535 626 1684 662 variari
1715 626 1887 667 videtur,

206 694 303 739 quia
319 694 547 730 secundum
564 695 642 730 hoc
658 693 765 738 quod
783 693 822 729 in
839 702 885 729 se
902 694 978 731 est.
1000 691 1232 728 crescendo
1255 691 1495 727 extenditur
1512 691 1576 727 vel
1600 691 1886 727 decrescendo

206 758 437 794 remittitur.
490 757 662 794 Videtur
688 759 729 794 et
756 758 871 793 locus
899 756 1200 801 quantitativus
1227 755 1392 795 variari,
1427 755 1495 800 qui
1531 755 1759 791 secundum
1797 756 1888 791 sub-

205 823 412 863 stantiam.
440 823 505 860 cui
532 823 744 863 adhaeret,
773 823 838 859 vel
866 822 1042 867 amplior
1068 821 1114 857 fit
1141 821 1206 856 vel
1235 820 1461 857 remissior.

348 888 465 925 Nunc
502 888 664 925 literam
698 888 954 924 insistamus.
1005 886 1288 923 Continuatio.
1341 885 1449 922 Modi
1483 886 1760 931 oppositionis
1794 888 1889 921 sunt

154 968 186 993 ιο
207 956 411 999 quattuor,
431 954 580 990 Prioris
602 953 795 999 quinque.
842 952 969 989 Simul
991 954 1089 988 tres.
1142 951 1315 997 Species
1343 953 1479 988 autem
1511 954 1645 987 motus
1673 953 1769 987 sunt
1796 960 1884 987 sex.

205 1019 293 1056 Alii
320 1020 475 1060 itaque.
528 1019 801 1055 Enumeratas
829 1018 995 1063 species
1023 1019 1159 1053 motus
1187 1017 1401 1063 distinguit
1428 1017 1480 1053 ab
1503 1016 1680 1052 invicem
1703 1016 1884 1052 maxime

204 1094 279 1131 per
305 1085 608 1125 alterationem,
636 1093 743 1129 quae
772 1084 991 1120 videbatur
1017 1083 1182 1128 penitus
1210 1083 1319 1119 idem
1348 1091 1445 1118 esse
1467 1082 1577 1127 quod
1598 1083 1735 1118 motus
1757 1083 1883 1126 atque

205 1149 300 1187 ideo
334 1150 486 1186 ceteris
523 1150 746 1195 speciebus
784 1159 867 1185 non
908 1158 1004 1185 esse
1045 1148 1249 1194 opposita,
1284 1148 1358 1184 sed
1396 1147 1532 1192 potius
1569 1157 1703 1193 genus
1740 1156 1882 1183 earum

205 1215 311 1252 sicut
338 1202 379 1252 et
406 1218 554 1252 motus.
606 1215 705 1252 illud
734 1215 896 1260 ‚itaque
925 1214 1177 1260 inceptivum
1217 1216 1291 1252 est,
1329 1223 1378 1249 ac
1415 1213 1448 1249 si
1486 1213 1659 1249 diceret:
1701 1213 1885 1258 quando·

154 1294 184 1319 ιε,
206 1281 372 1326 quidem
401 1283 671 1317 enumeratae
699 1282 795 1317 sunt
822 1280 987 1326 species
1015 1282 1163 1319 motus,
1192 1289 1292 1325 ergo
1321 1278 1599 1315 differentiam
1620 1287 1762 1314 earum
1784 1278 1887 1314 assi-

206 1356 381 1392 gnemus
409 1347 460 1383 ab
494 1346 684 1383 invicem.
736 1346 770 1382 A
804 1355 943 1382 causa.
995 1344 1042 1381 Et
1082 1345 1160 1381 hoc
1200 1346 1282 1380 est:
1324 1346 1466 1380 motus
1505 1344 1598 1386 alti,
1637 1343 1796 1379 scilicet
1835 1344 1887 1379 ab

205 1411 464 1453 alteratione.
492 1414 591 1447 sunt
618 1412 712 1454 alii,
739 1411 778 1448 id
807 1413 869 1448 est
897 1410 1064 1449 diversi,
1092 1411 1145 1446 (ιὶ)
1176 1410 1367 1452 Divitem,
1395 1409 1491 1454 quia
1518 1409 1700 1454 quinque
1728 1408 1889 1454 specie-

205 1486 294 1513 rum
323 1477 436 1513 clara
469 1479 533 1513 est
566 1476 803 1513 differentia
835 1475 943 1512 inter
976 1485 1034 1516 se,
1075 1474 1184 1520 quod
1222 1474 1360 1510 statim
1401 1483 1425 1510 a
1463 1473 1650 1518 partibus
1691 1473 1885 1510 ostendit.

206 1542 299 1578 ,von
319 1542 434 1579 enim
457 1544 533 1578 etc.
586 1540 704 1582 Quod
726 1543 864 1577 autem
894 1540 1255 1577 determinandum
1281 1539 1405 1576 fuerit
1432 1540 1521 1580 ,alii‘
1544 1540 1596 1576 ab
1625 1539 1884 1580 alteratione,

150 1613 185 1639 20
205 1617 388 1653 sequens
414 1617 564 1644 versus
587 1607 785 1643 ostendit:
812 1606 1070 1642 Alteratione
1091 1615 1204 1642 ver0.
1257 1605 1398 1642 Potest
1417 1606 1542 1642 etiam
1564 1605 1728 1651 ‚itaque‘
1751 1605 1883 1651 accipi

205 1683 280 1719 pro
308 1673 469 1709 duabus
497 1672 696 1718 partibus,
730 1682 780 1709 ac
813 1672 848 1708 si
881 1671 1105 1708 diceretur:
1145 1671 1409 1708 Manifestum
1449 1673 1524 1713 est,
1565 1671 1760 1716 quoniam
1789 1673 1885 1707 sunt

207 1738 362 1775 diversi
389 1739 441 1775 ab
470 1738 648 1775 invicem
677 1739 718 1774 et
745 1737 802 1773 ita
829 1737 996 1776 diversi.
1019 1737 1116 1782 quia
1136 1736 1346 1782 corruptio
1373 1746 1457 1772 non
1479 1737 1544 1773 est
1569 1736 1787 1782 generatio
1810 1738 1885 1773 etc.

350 1803 396 1840 In
425 1803 683 1840 alteratione
710 1813 816 1839 vero.
869 1803 930 1839 De
951 1802 1200 1848 supradictis
1222 1802 1446 1848 speciebus
1468 1803 1603 1838 motus
1619 1801 1884 1838 manifestum

206 1870 282 1911 est,
310 1878 432 1914 quam
461 1869 543 1905 sint
570 1869 764 1905 diversae
788 1872 791 1911 ξ
815 1869 867 1905 ab
901 1868 1080 1904 invicem
1115 1869 1156 1904 et
1189 1867 1422 1913 oppositae.
1455 1867 1529 1903 sed
1563 1867 1603 1902 in
1631 1867 1888 1903 alteratione

150 1939 185 1965 25
207 1933 331 1969 habet
358 1933 516 1978 aliquis.
554 1933 765 1971 subaudis.
803 1932 1028 1974 quandam
1056 1932 1364 1977 qaaestionem,
1395 1931 1436 1967 id
1472 1932 1537 1968 est
1573 1931 1886 1972 dubitationem,

205 2007 269 2040 ne,
296 1997 335 2034 id
364 1999 427 2034 est
453 2007 517 2035 an.
548 1997 832 2033 neeessariam
862 1997 916 2033 sit
944 1998 1033 2033 etc..
1067 1996 1108 2032 id
1136 1998 1200 2032 est
1227 1997 1361 2032 utrum
1389 2005 1513 2032 omne
1540 1996 1759 2032 alteratum
1787 1996 1886 2031 alte-

207 2065 322 2100 retur
346 2072 423 2109 per
448 2062 629 2108 aliquem
656 2063 830 2099 aliorum
858 2064 1054 2102 motuum,
1088 2071 1137 2098 ac
1171 2061 1206 2097 si
1233 2061 1403 2103 diceret,
1437 2071 1489 2098 an
1526 2061 1660 2098 omnis
1695 2061 1884 2097 alteratio

205 2128 258 2165 sit
283 2128 433 2174 aliquis
461 2128 635 2165 aliorum
663 2129 859 2164 motuum.
911 2126 1038 2164 Cuius
1065 2127 1326 2173 quaestionis
1362 2127 1499 2163 statim
1534 2126 1782 2163 solutionem
1816 2127 1886 2163 ad-

205 2194 334 2230 nectit
361 2194 527 2230 dicens:
555 2193 644 2230 Hoc
669 2195 825 2230 autem.
878 2192 996 2233 Quod
1024 2194 1163 2229 autem
1192 2193 1271 2228 hoc
1305 2202 1389 2228 non
1424 2192 1476 2228 sit
1509 2191 1807 2230 necessarium.
1845 2191 1883 2228 id

152 2265 188 2291 ³0
209 2260 274 2295 est
300 2259 410 2305 quod
438 2269 521 2295 non
550 2268 674 2295 omne
703 2259 812 2304 quod
840 2259 1052 2300 alteratur,
1081 2258 1281 2294 alteretur
1307 2267 1383 2303 per
1416 2257 1522 2294 alios
1556 2260 1702 2297 motus.
1737 2258 1885 2303 probat

205 2325 257 2361 ab
292 2324 496 2370 oppositis
530 2324 692 2361 dicens:
726 2324 836 2360 Nam
866 2333 1006 2369 paene
1041 2325 1116 2360 etc.
1151 2323 1317 2366 accidit,
1353 2323 1393 2359 id
1430 2325 1495 2359 est
1531 2324 1727 2359 convenit
1763 2322 1884 2358 nobis

206 2388 374 2425 alterari
401 2397 538 2434 paene
566 2398 642 2434 per
662 2397 807 2424 omnes
835 2388 1070 2433 passiones,
1098 2388 1136 2423 id
1160 2389 1224 2424 est
1245 2387 1468 2432 qualitates
1487 2387 1636 2423 tertiae
1658 2387 1880 2423 maneriae.

207 2454 368 2496 ‚Paene‘
396 2454 601 2499 apposuit.
630 2453 727 2499 quia
761 2463 838 2490 nos
875 2453 1065 2490 homines
1100 2462 1183 2489 non
1217 2462 1364 2489 omnes
1398 2452 1633 2488 huiusmodi
1661 2452 1881 2497 qualitates

207 2519 468 2566 suscipimus,
496 2519 571 2556 sed
599 2521 695 2555 sunt
722 2519 929 2564 quaedam
956 2518 1150 2564 propriae
1184 2518 1358 2554 aliorum
1393 2518 1632 2554 animalium
1660 2517 1726 2553 vel
1754 2517 1883 2553 inani-

151 2591 186 2616 :35
208 2587 410 2621 matorum
448 2585 538 2621 sive
575 2584 701 2621 etiam
740 2584 1029 2621 animatorum.
1080 2584 1142 2620 Ad
1183 2584 1292 2629 quod
1333 2583 1628 2628 exponendum
1669 2582 1881 2628 supponit:

205 2652 281 2686 aut
306 2649 467 2695 plnres,
494 2659 543 2686 ac
571 2649 606 2686 si
633 2649 809 2686 diceret:
847 2650 881 2686 si
909 2659 991 2686 non
1026 2650 1256 2686 secundum
1291 2658 1437 2685 omnes
1471 2649 1618 2685 saltem
1653 2648 1881 2684 secundum

207 2715 359 2761 plures,
380 2714 419 2750 id
439 2716 504 2751 est
525 2715 723 2751 maiorem
747 2717 919 2760 partem.
942 2715 1051 2760 quod
1073 2716 1136 2751 est
1157 2715 1386 2751 secundum
1408 2723 1543 2759 paene
1566 2722 1723 2749 omnes.
1754 2712 1879 2748 Nulla

207 2781 339 2817 trium
369 2780 564 2816 aliarum
595 2780 838 2816 motionum
865 2780 1222 2821 communicante,
1258 2780 1337 2815 hoc
1371 2780 1435 2814 est
1471 2778 1527 2814 ita
1563 2778 1673 2823 quod
1710 2787 1791 2813 non
1829 2776 1881 2812 sit

206 2845 261 2882 ibi
295 2845 399 2882 alius
435 2846 570 2881 motus
610 2847 778 2890 praeter
810 2844 1112 2881 alterationem.
1165 2843 1282 2884 Quod
1324 2843 1462 2879 statim
1503 2842 1768 2888 prosequitur
1806 2851 1882 2886 per

152 2917 186 2942 ⁴0
207 2913 347 2957 partes
374 2911 535 2947 dicens:
564 2910 673 2946 Nam
696 2920 842 2955 neque,
869 2910 907 2946 id
930 2911 994 2946 est
1015 2919 1096 2945 non
1120 2918 1242 2945 omne
1265 2909 1373 2953 quod
1397 2911 1587 2944 movetur
1608 2917 1682 2952 per
1701 2907 1879 2951 aliquam

206 2976 460 3023 passionem,
487 2975 664 3021 augetur
691 2975 756 3011 vel
792 2975 985 3011 minuitur
1011 2974 1077 3010 vel
1113 2974 1194 3010 alio
1232 2975 1342 3009 motu
1380 2974 1636 3018 permutatur
1670 2972 1746 3008 nisi
1782 2971 1880 3007 alte-

206 3040 380 3077 ratione.
433 3040 493 3076 De
521 3039 612 3076 aliis
641 3041 778 3076 autem
807 3039 985 3075 motibus
1012 3038 1208 3083 supponit
1235 3037 1396 3074 dicens:
1436 3037 1648 3073 Strm'liter
1673 3038 1810 3072 autem
1839 3038 1880 3071 et

349 3157 393 3189 20
427 3156 542 3189 Verba
570 3156 796 3189 Alteratione
824 3164 912 3188 vcro
940 3157 1061 3196 potest
1089 3155 1126 3187 in
1154 3154 1182 3186 A
1213 3154 1273 3185 viz·
1300 3153 1372 3192 Ieyi
1396 3154 1569 3194 possunt.

278 3218 393 3246 Beitr.
413 3217 486 3245 xxi.
524 3218 663 3251 Geyer.
686 3217 855 3244 Abaelards
876 3216 983 3250 philos.
1005 3215 1165 3243 Schriften.
1692 3211 1735 3244 20

1914 987 2034 1021 Boctli
2043 1012 2051 1021 .

1913 1045 1949 1078 p.
1964 1034 2036 1069 :3159
2052 1035 2082 1069 B

1916 1771 2050 1807 Boetli.

1913 1829 1946 1862 p.
1961 1818 2032 1853 290
2047 1818 2075 1853 A

1915 1870 1937 1901 s.
1965 1870 2035 1902 432>
