2200 3387
359 243 427 276 2:3⁸*
760 242 866 274 Peter
892 241 1097 273 Abaelurtls
1126 241 1260 281 Logica
1286 238 1611 281 ‚ingredientibus‘.

360 341 543 376 sitiones.
596 339 691 375 Sive
713 340 851 374 autem
874 338 1093 383 qualitates
1113 337 1203 375 sint.
1226 337 1315 373 sive
1338 337 1581 382 positiones,
1603 336 1693 381 ipse
1715 336 2025 374 Aristoteles

360 414 441 439 non
470 403 623 440 definit.
652 403 725 438 sed
754 404 795 438 ut
822 402 1049 447 positiones
1078 401 1307 440 videantur,
1336 401 1460 445 ponit.
1489 400 1585 446 quia
1613 400 1771 436 scilicet
1791 400 1831 436 in
1854 400 2025 447 singulis

361 478 502 505 earum
531 468 727 504 subiectis
754 470 894 503 certae
923 466 1152 511 positiones
1181 466 1356 510 partium
1385 465 1573 501 denotari
1594 465 1785 501 videntur
1812 475 1886 511 per
1906 475 2027 502 voca—

360 534 458 569 bula
486 535 650 578 sumpta
677 533 728 568 ab
757 532 828 568 eis.
882 532 927 567 Et
954 541 1106 567 rursus.
1145 531 1179 566 si
1206 531 1297 575 quis
1332 530 1534 566 concedet
1562 540 1635 566 eas
1672 540 1766 566 esse
1795 531 2026 575 qualitates,

362 608 413 634 ue
437 598 684 643 impediatur
704 607 779 642 per
799 597 877 632 hoc
899 597 1007 641 quod
1029 605 1111 631 non
1134 595 1540 640 comprehenduntur
1559 595 1668 631 inter
1688 596 1881 640 quattuor
1901 605 2027 631 annu—
2047 603 2064 628 5

362 666 544 699 meratas
578 663 786 698 manerias
825 662 1076 706 qualitatum.
1115 660 1210 696 dicit
1246 660 1427 696 fortasse
1463 660 1566 696 alios
1604 660 1750 696 modos
1788 660 2028 705 qualitatum

363 738 458 764 esse
487 730 527 763 et
558 728 613 764 ita
642 728 759 763 simul
790 726 949 763 confert
977 736 1027 762 ea
1055 735 1162 770 quac
1200 726 1250 761 ad
1292 727 1508 769 utramque
1546 725 1755 769 pertinent
1790 725 2029 770 opinionem

362 793 459 828 nihil
488 795 626 828 tamen
655 795 811 828 certum
845 791 1112 827 constituens.
1164 791 1216 826 At
1252 800 1353 825 vero
1390 790 1630 826 Boethius
1667 790 1708 826 in
1744 789 2029 827 Commento

363 859 505 901 aperte
533 857 682 892 clamat
715 857 819 892 haec
854 865 949 891 esse
985 855 1215 900 positiones
1256 855 1399 890 dicens
1440 855 1490 890 de
1530 855 1634 892 eis¹:
1677 854 1888 895 ,Videntur
1925 855 2030 891 haec

363 931 526 966 quoque
555 921 594 957 in
624 921 888 966 qualitatibus
917 929 1042 965 posse
1077 920 1295 957 numerari.
1333 920 1405 956 sed
1443 921 1598 956 rectam
1635 919 1839 955 rationem
1874 919 2082 965 perspi-10

363 986 565 1022 cientibus
594 995 670 1021 nec
698 986 829 1021 solum
857 986 1026 1021 auribus
1053 994 1159 1029 quae
1189 985 1387 1025 dicuntur,
1418 985 1491 1020 sed
1520 985 1643 1020 etiam
1670 986 1809 1020 mente
1831 986 1872 1020 et
1891 984 2030 1021 animo

363 1050 638 1086 iudicantibus
667 1050 706 1085 in
735 1050 1000 1094 qualitatibus
1035 1050 1138 1085 haec
1172 1050 1270 1094 poni
1307 1059 1388 1085 non
1427 1051 1620 1094 oportere
1655 1049 1919 1085 manifestum
1955 1050 2031 1085 est.

362 1115 463 1151 Nam
492 1115 601 1160 quod
629 1115 801 1151 dicimus
830 1124 980 1155 rarum,
1008 1114 1158 1159 positio
1187 1115 1391 1159 quaedam
1419 1114 1595 1159 partium
1618 1115 1692 1155 est,
1721 1124 1802 1150 non
1831 1114 2029 1159 qualitas:

364 1180 445 1216 Sed
472 1180 658 1225 profecto
695 1179 827 1225 magis
866 1180 1095 1215 secundum
1133 1179 1306 1215 aliorum
1345 1179 1584 1224 opinionem
1620 1180 1782 1215 locutus
1820 1181 1882 1216 est
1908 1188 2031 1224 quam

365 1245 591 1281 secundum
620 1245 680 1281 rei
699 1245 929 1285 veritatem,
958 1244 1062 1280 sicut
1090 1246 1131 1280 et
1156 1244 1254 1280 illud
1275 1244 1500 1280 secundum
1523 1244 1759 1289 opinionem
1781 1244 1893 1287 dixit,
1921 1244 2032 1290 quod
2054 1248 2086 1274 1⁵

371 1310 588 1356 supposuit
616 1310 758 1346 dicens
776 1314 806 1344 ·-':
836 1309 952 1355 ,Ergo
981 1309 1208 1345 secundum
1230 1318 1565 1354 unamquamque
1586 1309 1762 1354 partium
1783 1309 2034 1354 positionem

370 1374 436 1410 vel
465 1374 614 1410 raritas
643 1374 707 1409 vel
736 1373 960 1418 spissitudo
982 1373 1049 1409 vel
1077 1373 1281 1418 asperitas
1302 1373 1368 1409 vel
1389 1373 1539 1409 lenitas
1559 1373 1803 1418 corporibus
1825 1374 1899 1409 est.
1944 1372 2033 1409 Non

366 1439 486 1484 igitur
514 1440 618 1475 baec
646 1439 873 1475 secundum
902 1438 1142 1483 qualitatem
1171 1437 1370 1479 dicuntur,
1408 1438 1482 1474 sed
1508 1438 1645 1483 potius
1673 1438 1901 1474 secundum
1926 1438 2035 1483 posi-

369 1504 535 1540 tionem.
587 1504 739 1539 Positio
768 1505 905 1539 autem
934 1505 975 1539 in
1002 1503 1215 1539 relationis
1248 1512 1405 1549 genere
1432 1503 1645 1539 nominata
1672 1504 1747 1539 est.
1797 1503 1887 1539 Non
1913 1503 2036 1549 igitur

368 1568 472 1605 haec
501 1568 732 1613 qualitates.
770 1569 845 1604 sed
879 1568 1054 1604 relativa
1090 1569 1206 1604 sunt.⁴
1261 1567 1377 1608 Quod
1415 1568 1523 1603 enim
1558 1568 1750 1604 relationi
1784 1568 2034 1613 positionem
2054 1571 2088 1597 20

370 1634 575 1678 supponit,
604 1633 742 1678 opinio
771 1634 833 1669 est
860 1633 996 1677 potius
1024 1642 1146 1677 quam
1175 1632 1360 1673 scientia,
1390 1634 1430 1668 et
1457 1633 1644 1668 similiter
1670 1632 1809 1678 opinio
1837 1634 1899 1669 est
1925 1633 2035 1678 quod

365 1699 467 1734 istas
482 1700 607 1744 negat
629 1698 849 1743 qualitates
875 1707 970 1733 esse
993 1707 1097 1742 quas
1126 1697 1215 1742 ipse
1237 1697 1381 1733 alibi-⁹¹
1408 1697 1628 1742 qualitates
1650 1698 1772 1742 plane
1799 1699 1933 1740 vocat,
1966 1697 2036 1734 ubi

365 1762 522 1797 scilicet
538 1761 756 1806 opiniones
771 1762 822 1797 de
839 1761 1144 1799 contrarietate.
1161 1770 1281 1806 quam
1299 1761 1454 1797 habere
1477 1762 1672 1806 quantum
1688 1761 1860 1803 videtur,
1873 1761 2035 1806 <ponit>

365 1827 508 1863 dicens
524 1836 718 1871 asperam
745 1828 785 1861 et
811 1827 949 1862 lenem
971 1826 1235 1871 superficiem
1254 1836 1337 1861 non
1360 1835 1456 1862 esse
1473 1826 1734 1867 contrariam,
1750 1826 1823 1862 sed
1835 1826 2036 1871 asperita—

365 1893 448 1927 tem
469 1893 509 1927 et
530 1891 753 1933 lenitatem,
769 1901 876 1936 quae
899 1891 1117 1936 qualitates
1133 1892 1238 1926 sunt.
1279 1891 1360 1927 Sed
1381 1891 1560 1927 fortasse
1576 1891 1667 1936 quis
1683 1891 1780 1927 dicit
1794 1891 2034 1936 qualitatem
2055 1900 2090 1926 25

366 1956 422 1993 ibi
448 1957 563 2002 large
591 1956 725 2001 accipi
759 1966 833 2001 pro
868 1966 1128 2001 quacumque
1167 1956 1311 1992 forma.
1364 1955 1446 1992 Sed
1485 1956 1582 1992 illud
1620 1956 1740 1992 nobis
1766 1956 1929 1993 videtur
1965 1966 2036 2002 po-

365 2022 539 2057 sitiones
562 2022 671 2057 nullo
695 2022 817 2057 modo
839 2021 996 2057 habere
1019 2021 1283 2062 contrarium,
1310 2022 1353 2057 ut
1374 2021 1533 2062 sedere,
1556 2023 1680 2062 stare,
1702 2022 1840 2058 iacere
1862 2031 1941 2058 nec
1962 2031 2036 2058 eas

367 2087 492 2123 etiam
519 2086 571 2122 ad
598 2086 954 2131 comparationem
983 2086 1139 2125 venire.
1168 2095 1275 2131 quae
1302 2087 1477 2131 utraque
1504 2086 1592 2122 istis
1622 2088 1815 2131 quattuor
1842 2086 2036 2123 conveni-

367 2154 448 2187 unt.
500 2151 723 2187 Praeterea
759 2161 840 2196 qua
866 2152 1027 2187 ratione
1060 2152 1165 2187 haec
1193 2152 1384 2196 quattuor
1423 2151 1619 2197 positioni
1652 2153 1901 2197 supponunt,
1941 2152 2036 2197 quia

368 2217 526 2253 scilicet
555 2216 812 2261 accipiuntur
850 2217 1078 2252 secundum
1115 2217 1271 2252 certam
1307 2216 1557 2261 positionem
1593 2215 1782 2261 partium,
1818 2216 1875 2253 ita
1910 2216 2035 2253 etiam
2055 2227 2090 2252 30

367 2283 523 2317 rectum
552 2283 591 2317 et
618 2291 789 2317 curvum
817 2283 857 2317 et
885 2281 1132 2327 triangulum
1161 2283 1201 2317 et
1229 2281 1473 2326 quadratum
1509 2282 1681 2326 possent
1713 2281 1910 2326 positioni
1945 2282 2037 2317 sub-

367 2347 490 2383 icere.
519 2356 626 2391 quae
653 2347 761 2382 idem
783 2346 873 2391 ipse
896 2346 1204 2382 Aristoteles
1231 2346 1338 2382 inter
1360 2346 1580 2390 qualitates
1599 2346 1748 2391 posuit.
1800 2346 2036 2383 Subiectum

369 2420 546 2456 namque
574 2411 832 2447 rectitudinis
861 2411 913 2447 ad
940 2411 1029 2452 hoc,
1057 2412 1101 2446 ut
1127 2412 1283 2447 rectum
1312 2411 1374 2452 sit,
1409 2412 1565 2447 certam
1594 2411 1723 2457 exigit
1754 2411 1930 2456 partium
1966 2421 2037 2456 po-

369 2476 572 2513 sitionem,
600 2478 643 2511 ut
663 2476 819 2511 scilicet
840 2476 997 2512 directe
1026 2476 1107 2511 sint
1129 2476 1302 2521 positae,
1325 2476 1512 2512 similiter
1532 2476 1779 2522 triangulum
1801 2476 1925 2512 talem
1946 2485 2038 2521 par-

368 2541 468 2576 tium
495 2541 744 2585 positionem
772 2541 901 2586 exigit
929 2550 1035 2585 quae
1063 2543 1148 2577 tres
1177 2541 1351 2586 angulos
1378 2540 1514 2576 faciat.
1567 2540 1648 2577 Sed
1681 2541 1823 2582 (licet)
1855 2541 1936 2577 ista
1967 2550 2037 2586 po·
2056 2550 2091 2575 35

370 2605 543 2640 sitiones
573 2605 742 2650 exigant
778 2606 926 2643 certas.
965 2605 1075 2640 nullo
1114 2606 1254 2640 tamen
1290 2605 1412 2640 modo
1451 2605 1679 2649 positiones
1720 2604 1896 2641 dicenda
1931 2607 2037 2641 sunt.

369 2669 469 2705 Nam
498 2671 539 2705 et
565 2669 812 2715 triangulum
848 2671 1005 2705 certum
1041 2669 1213 2714 requirit
1247 2679 1473 2711 numerum,
1511 2669 1551 2705 id
1588 2671 1651 2705 est
1686 2669 1922 2711 ternarium,
1958 2679 2038 2706 nec

368 2736 556 2775 (tamen)
584 2733 859 2779 triangulati0.
896 2744 920 2770 a
958 2744 1039 2779 qua
1078 2735 1283 2779 sumptum
1321 2736 1394 2776 est,
1436 2744 1634 2770 numerus
1675 2736 1749 2774 est,
1789 2734 1865 2770 sed
1904 2735 2037 2779 quale.

371 2799 565 2835 Similiter
603 2808 797 2844 asperum
844 2799 939 2835 licet
977 2799 1225 2844 positionem
1266 2799 1418 2844 exigat,
1457 2800 1597 2835 tamen
1637 2799 1854 2844 asperitas,
1894 2809 1919 2835 a
1957 2809 2039 2844 qua

369 2864 574 2907 sumptum
596 2865 670 2902 est,
699 2862 876 2907 qualitas
899 2864 972 2904 est,
995 2872 1078 2898 non
1100 2862 1251 2907 positio
1272 2864 1312 2897 et
1333 2862 1519 2898 similiter
1533 2863 1675 2898 cetera
1696 2861 1802 2907 'quae
1823 2862 1889 2898 hic
1909 2862 2036 2907 ponit.
2056 2867 2091 2893 40

513 2967 554 2998 23
584 2966 640 2998 dic
764 2967 803 2998 31
836 2968 963 3007 posset
993 2967 1018 2997 ,t
1147 2968 1190 2997 35
1218 2967 1302 2999 licet
1329 2963 1465 2999 addidi
1492 2966 1535 2998 ef.
1562 2975 1596 2998 V.
1624 2966 1667 2998 39
1783 2967 1826 2998 36
1854 2967 1981 3007 exigat
2006 2966 2038 2998 A

373 3023 589 3064 positiones]
618 3026 812 3065 passiones
840 3026 866 3057 A

515 3094 524 3116 1
555 3096 703 3127 Boeth.
733 3096 754 3127 l.
783 3105 821 3133 εκ,
851 3105 883 3135 p.
913 3095 1018 3127 2511)

515 3154 528 3174 2
554 3154 705 3186 Booth.
736 3155 756 3186 I.
785 3164 824 3192 (n,
854 3164 886 3194 p.
916 3155 1032 3187 252A.
1155 3154 1169 3175 ³
1196 3155 1346 3186 Boeth.
1375 3155 1396 3187 1.
1425 3164 1464 3191 c„
1492 3164 1527 3194 p.
1556 3154 1668 3187 2110.
