2200 3387
143 519 273 552 300111.

118 577 152 608 p.
168 566 237 599 :3:32
249 569 255 589 ¹
267 581 271 588 ·

310 225 373 256 111ιὶ
716 225 820 257 l'eter
848 226 1049 257 Abaelards
1080 227 1208 265 Logicti
1238 226 1559 265 ,lngr‹·(lientib11s‘.

306 321 511 365 proprium
530 321 856 365 specialissimae
873 322 1027 366 speciei
1046 325 1199 357 tantum
1223 322 1380 366 accipit,
1409 322 1525 361 Quod
1543 323 1599 358 ait
1621 331 1783 367 saepe,
1797 325 1964 367 propter

306 386 502 429 quasdam
533 385 789 420 differentias
818 386 913 421 dicit
941 396 1047 430 quae
1076 387 1195 422 unius
1224 388 1379 422 tantum
1409 389 1503 422 sunt
1536 387 1688 432 speciei
1725 389 1767 422 ut
1803 387 1964 423 immor-

305 450 385 485 tale
417 450 498 485 Dei.
552 450 595 484 Et
624 450 678 485 ita
707 450 939 486 differentia
968 461 1132 495 semper
1159 451 1340 495 speciem
1369 452 1646 496 consequitur.
1680 452 1717 487 id
1753 453 1815 487 est
1842 452 1964 487 comi-

304 518 411 549 tatur
448 524 612 558 semper
646 515 995 559 praedicationem
1035 516 1187 560 speciei
1226 516 1480 560 praedicatio
1518 516 1788 552 differentiae.
1842 517 1963 552 Disse-

306 580 465 614 rentim·
494 589 598 614 vero.
653 580 887 615 Accidentis
915 581 1018 615 sicut
1046 581 1304 616 differentiae
1339 590 1488 616 nomen
1524 583 1585 616 est
1622 581 1697 616 1100
1730 581 1821 617 1000
1859 581 1963 617 acci-

142 625 273 658 ¹³⁰‘'¹¹¹·
302 644 478 679 dentalis
508 644 621 679 vocis
660 644 918 681 universalis.
956 647 997 680 ut
1033 649 1094 680 est
1131 645 1277 680 album.
1333 645 1476 680 Differ!
1513 648 1667 681 autem.
1720 646 1964 682 Differentia

141 683 173 714 p.
185 672 251 705 :mi
263 677 273 695 ⁴

305 708 517 744 continere
542 709 687 744 dicitur
709 709 884 745 diversa.
914 710 952 744 in
982 710 1129 754 quibus
1156 714 1218 745 est
1240 710 1465 745 secundum
1489 711 1565 746 hoc
1587 711 1695 755 quod
1719 710 1758 746 in
1780 711 1963 755 pluribus

305 773 501 808 consistit.
538 777 578 808 ut
607 774 863 809 rationalitas
901 775 1127 810 secundum
1166 775 1513 819 significationem
1551 784 1666 810 suam
1704 774 1743 810 in
1781 775 1963 820 pluribus

305 842 366 873 est
389 848 509 882 quam
533 839 719 883 singulae
741 839 903 883 species
926 849 1029 883 quas
1051 839 1272 875 constituit.
1319 839 1542 875 Continere
1565 830 1672 875 vero'
1688 839 1964 876 differentiam

306 912 385 937 non
415 903 570 939 dicitur.
600 903 693 947 quia
722 904 787 938 illa
822 906 975 939 tantum
1011 905 1061 939 al)
1099 904 1188 939 aliis
1217 904 1417 940 contineri
1456 904 1646 940 dicuntur
1673 914 1778 948 quae
1815 905 1866 940 ab
1903 905 1962 941 eis

305 968 583 1011 suscipiuntur
610 970 749 1011 utpote
778 969 1019 1004 naturaliter
1046 969 1289 1013 posteriora.
1318 969 1425 1013 quod
1455 969 1687 1005 differentia
1719 979 1798 1004 non
1827 969 1963 1008 habet.

305 1041 409 1075 quae
439 1033 679 1067 naturaliter
707 1033 817 1076 prior
844 1036 907 1068 est
935 1033 996 1068 1118
1025 1033 1171 1077 quibus
1200 1034 1393 1069 convenit
1420 1043 1526 1078 quae
1561 1034 1612 1069 ad
1640 1043 1733 1069 esse
1761 1034 1962 1070 conducit.

305 1096 421 1131 l'nde
450 1099 489 1131 et
511 1097 752 1132 Boethius
781 1097 818 1132 in
843 1098 1163 1133 Commento¹1
1199 1099 1367 1135 Omnia.
1396 1098 1535 1142 inquit,
1564 1108 1849 1144 quaecumque
1872 1100 1964 1135 sub-

305 1161 550 1196 stantialiter
577 1161 627 1196 de
655 1161 838 1205 pluribus
868 1162 1168 1206 praedicantur.
1206 1163 1256 1198 ab
1286 1163 1348 1198 his
1385 1164 1435 1198 de
1473 1163 1619 1207 quibus
1660 1163 1963 1208 praedicantur.

305 1235 384 1260 non
413 1228 605 1270 poterunt
638 1226 852 1261 contineri.
905 1225 993 1266 Quo
1027 1227 1084 1264 fit,
1118 1229 1159 1262 ut
1195 1227 1456 1263 differentiae
1493 1237 1574 1263 non
1613 1228 1901 1264 contineantur
1938 1239 1963 1264 a

305 1290 454 1334 specie.
470 1319 475 1325 .
491 1290 761 1326 ..accidentia
777 1292 1040 1327 continentur
1054 1321 1058 1326 .
1071 1321 1093 1327 ..
1117 1292 1216 1327 Nam
1234 1302 1311 1328 nec
1326 1293 1491 1337 proprie
1507 1292 1759 1328 universalia
1775 1293 1965 1329 dicuntur

304 1355 545 1390 accidentia.
562 1365 650 1391 cum
670 1356 719 1390 de
735 1356 917 1400 pluribus
934 1357 1154 1401 speciebus
1171 1357 1370 1393 dicuntur.
1388 1357 1647 1393 differentiae
1669 1366 1768 1392 vero
1784 1357 1963 1393 maxime

304 1420 492 1455 dicuntur
519 1421 772 1456 universalia
800 1423 839 1456 et
873 1422 1049 1465 proprie.
1103 1422 1217 1461 Quae
1256 1422 1363 1457 enim
1402 1422 1676 1466 quorumlibet
1712 1422 1965 1458 universalia

304 1487 407 1519 sunt.
431 1495 479 1520 ea
504 1495 678 1521 necesse
701 1488 763 1521 est
786 1496 927 1521 eorum
950 1496 1121 1530 quorum
1148 1490 1242 1522 sunt
1264 1487 1526 1524 universalia.
1548 1487 1671 1523 etiam
1692 1487 1963 1522 substantiam

303 1550 521 1585 conficere.
575 1551 662 1590 Quo
691 1550 745 1591 fit.
779 1553 868 1591 <ut>
897 1551 991 1595 quia
1029 1552 1286 1587 differentIae
1322 1552 1594 1588 substantiam
1632 1553 1872 1589 monstrant,
1908 1552 1964 1587 in-

303 1615 485 1649 tentione
514 1625 562 1650 ac
590 1615 834 1651 remissione
864 1618 1055 1651 careant:
1108 1616 1230 1652 Nota
1258 1626 1310 1652 ex
1337 1617 1415 1652 hoc
1442 1617 1544 1654 1000,
1579 1617 1687 1661 quod
1722 1626 1804 1652 non
1832 1617 1961 1652 solum

303 1679 514 1715 rationale.
532 1680 608 1715 hoc
624 1690 786 1717 nomen.
804 1680 1037 1716 differentia
1052 1681 1208 1717 dicitur.
1225 1691 1367 1716 verum
1385 1682 1507 1716 etiam
1524 1681 1780 1717 rationalitas
1795 1683 1965 1726 propter

303 1744 476 1779 eandem
507 1754 686 1780 causam.
723 1745 879 1781 scilicet
906 1748 1075 1790 propter
1103 1746 1447 1791 significationem
1476 1746 1662 1782 eiusdem
1691 1746 1962 1782 differentiae.

304 1808 350 1843 Et
378 1809 614 1844 differentia
645 1810 828 1853 quidem,
866 1810 902 1845 id
932 1812 996 1845 est
1023 1811 1227 1846 vocabula
1263 1811 1541 1856 significantia
1575 1810 1843 1849 differentias.
1880 1820 1962 1846 non

1986 909 2017 934 lo

1987 1238 2017 1263 15

1984 1560 2023 1584 20·

302 1876 594 1917 comparantur
634 1874 738 1909 sicut
779 1875 1053 1910 accidentalia
1094 1876 1307 1919 quaedam.
1361 1876 1407 1911 Et
1443 1876 1739 1920 Impermz'slae
1778 1875 1959 1920 quidem.
1982 1890 2015 1914 25

301 1937 588 1973 Boethiusss:
625 1938 694 1975 Ex
722 1939 923 1977 rationali.
952 1940 1092 1984 inquit,
1122 1942 1162 1975 et
1188 1940 1415 1976 irrationali
1443 1941 1496 1976 nil
1524 1950 1648 1976 unum
1675 1940 1787 1986 iungi
1815 1941 1962 1984 potest,

303 2012 354 2037 ex
382 2003 474 2037 albo
504 2012 602 2038 vero
632 2005 671 2039 et
700 2004 815 2047 nigro
844 2005 1074 2039 coniunctis
1102 2005 1147 2040 fit
1173 2005 1319 2049 aliquis
1347 2005 1507 2041 medius
1535 2005 1668 2041 color:
1704 2004 1833 2040 Sicut
1854 2003 1963 2039 enim

301 2068 448 2102 albedo
478 2071 517 2103 et
545 2068 727 2113 nigredo.
757 2069 823 2104 ubi
851 2069 1081 2104 accidentia
1104 2072 1208 2105 sunt.
1237 2070 1490 2105 constituunt
1511 2069 1779 2105 materialiter
1799 2069 1961 2104 tertium

301 2133 506 2168 accidens.
544 2133 598 2168 ita
627 2133 887 2169 differentiae
922 2134 1085 2169 iunctae
1126 2135 1165 2169 in
1206 2144 1255 2170 eo
1296 2134 1413 2170 cuius
1450 2135 1531 2169 sint
1567 2133 1838 2171 differentiae,
1879 2142 1960 2168 non

302 2200 553 2242 componunt
580 2198 740 2234 tertiam
770 2198 1054 2234 differentiam¹
1106 2199 1207 2234 Nam
1236 2199 1329 2235 11001
1356 2200 1478 2235 1101110
1504 2199 1758 2243 compositus
1786 2208 1867 2234 una
1894 2207 1961 2233 res

301 2263 563 2298 concedatur.
601 2263 835 2299 differentia
869 2266 1006 2299 tamen
1035 2264 1124 2299 eius
1165 2274 1216 2300 ex
1251 2264 1529 2308 corporeitate
1566 2267 1605 2299 et
1639 2263 1962 2308 incorporeitate

302 2337 382 2361 non
399 2330 562 2363 constat
584 2328 862 2364 materialiter.
891 2329 985 2365 licet
1006 2329 1094 2373 ipse
1118 2329 1169 2364 sit
1191 2339 1434 2374 corporeum
1458 2329 1576 2365 simul
1599 2331 1639 2364 et
1659 2329 1961 2373 incorporeum.

304 2391 410 2426 Licet
438 2392 544 2426 enim
574 2401 723 2436 corpus
761 2393 983 2428 humanum
1012 2402 1064 2428 ex
1093 2393 1268 2428 diversis
1305 2393 1497 2428 animatis
1535 2393 1776 2437 corporibus
1813 2391 1962 2429 consti-

302 2458 447 2490 tuatur.
477 2456 671 2491 animatio
701 2459 836 2492 tamen
866 2457 954 2492 eius
982 2467 1063 2493 non
1093 2459 1256 2493 constat
1278 2458 1544 2493 materialiter
1565 2467 1618 2493 ex
1639 2456 1961 2492 animationibus

302 2520 486 2564 partium.
538 2521 625 2556 Non
654 2525 790 2556 autem
819 2522 998 2557 fortasse
1027 2523 1159 2558 omnis
1194 2523 1353 2558 medius
1381 2523 1495 2558 color
1522 2532 1573 2558 ex
1601 2521 1791 2557 albedine
1829 2523 1868 2556 et
1904 2520 1986 2556 ni-:

302 2585 471 2627 gredine
516 2585 742 2621 conficitur.
785 2587 858 2621 sed
898 2586 1074 2630 quidam.
1120 2587 1244 2622 veluti
1285 2589 1457 2631 apparet
1496 2587 1536 2622 in
1576 2596 1626 2622 eo
1666 2595 1852 2630 corpore,
1891 2585 1959 2620 ubi

302 2652 396 2685 sunt
423 2650 723 2686 minutissimae
750 2651 975 2695 particulae
1003 2651 1204 2687 albedinis
1232 2652 1414 2687 insertae
1442 2651 1724 2687 minutissimis
1751 2650 1960 2695 particulis

303 2714 540 2760 nigredinis.
578 2725 749 2759 quarum
787 2716 1023 2751 intersertio
1052 2715 1229 2751 medium
1259 2716 1439 2751 colorem
1468 2716 1685 2760 componit.
1720 2715 1871 2760 quippe
1904 2714 1957 2750 nil

301 2779 410 2814 aliud
439 2783 502 2814 est
530 2780 594 2815 ille
622 2781 782 2815 medius
811 2781 924 2816 color
945 2790 1066 2824 quam
1087 2790 1232 2816 omnes
1254 2780 1348 2816 illae
1371 2781 1489 2816 simul
1511 2781 1737 2825 particulae
1759 2779 1960 2815 albedinis

441 2902 459 2930 Γ)
481 2901 566 2932 Acci
588 2901 614 2932 A
720 2902 758 2932 18
779 2901 946 2932 dicuntur
961 2901 1184 2932 universalia
1205 2903 1239 2932 et
1263 2901 1410 2940 proprie
1433 2910 1503 2932 om.
1525 2901 1646 2933 editor
1661 2900 1799 2937 Boelle„
1823 2900 1961 2931 liabent

303 2959 406 2990 roclcl.
429 2959 453 2990 L
471 2960 522 2989 m‘-'
539 2959 566 2991 H
671 2962 713 2990 211
743 2962 778 2990 111
806 2959 939 2991 addidi
964 2968 1007 2991 ea:
1034 2960 1160 2991 Boeclt.
1280 2961 1318 2991 21
1350 2962 1476 2991 carent
1501 2960 1529 2991 Α
1631 2960 1673 2991 26
1701 2959 1870 2990 rationali
1892 2984 1898 2990 .
1921 2983 1928 2990 .
1951 2984 1957 2990 .

303 3019 398 3049 irrat.
435 3018 542 3049 mulli
578 3018 682 3050 meld.
717 3019 842 3050 Bonae.
878 3019 909 3050 in
940 3027 1046 3050 unum
1082 3018 1202 3050 mlum·
1230 3018 1355 3050 liorlh.
1386 3028 1492 3050 unum
1526 3019 1630 3051 codd.
1661 3019 1814 3058 praeter
1841 3026 1957 3049 imum

447 3088 452 3107 ¹
484 3088 640 3120 Hoetli..
672 3088 712 3119 Iu
741 3088 879 3128 I'orplz.
909 3089 929 3120 l.
958 3098 996 3125 (a,
1027 3098 1058 3128 p.
1088 3088 1192 3119 3351*
1290 3089 1304 3108 “-’
1332 3089 1478 3121 1100111.
1508 3089 1529 3121 l.
1558 3099 1596 3126 r..
1625 3098 1658 3128 p.
1687 3086 1804 3120 33611.

1982 2206 2017 2229 30

1988 2531 2014 2555 {5
