2200 3387
571 221 599 254 1.
628 220 693 253 Dle
720 220 878 252 Glosaen
905 228 948 252 zu
978 219 1211 259 Porphyrius.
1240 238 1281 241 —
1312 219 1363 250 De
1390 219 1527 259 specie.
1839 215 1885 250 53

213 318 310 362 quis
338 318 486 353 omnia
518 320 626 353 voce!
654 318 782 358 entia,
810 326 891 352 non
920 318 985 353 est
1011 325 1145 360 genus
1173 315 1225 351 ad
1253 315 1332 351 illa.
1386 315 1502 356 Quod
1532 315 1668 351 statim
1706 324 1782 360 per
1817 315 1884 351 de-

210 383 482 418 structionem
511 382 810 428 consequentis
839 384 881 417 et
907 381 1196 417 antecedentis
1227 382 1376 426 probat
1401 381 1565 416 dicens:
1605 381 1783 416 sienim
1807 381 1882 416 etc.

212 457 305 483 enm
338 458 444 483 ewra.
496 447 736 493 Assumptio
764 449 829 482 est
858 446 1151 482 subintellecta
1178 446 1326 491 prioris
1353 447 1393 482 et
1421 445 1647 490 sequentis,
1677 455 1758 491 qua
1777 445 1884 482 dice-

214 512 301 547 bat:
329 511 364 547 si
393 522 472 548 non
503 512 768 557 praedicatur
794 511 983 550 univoce,
1013 521 1093 546 non
1123 512 1185 546 est
1210 520 1356 556 genus.
1383 520 1432 546 ac
1455 510 1488 546 si
1516 510 1659 546 dicens
1688 510 1744 546 ita
1770 520 1884 546 assu-

176 587 192 611 r»
212 579 360 615 meret:
375 576 455 613 Sed
469 587 550 613 non
565 576 830 622 praedicatur
842 576 1029 612 univoce.
1068 576 1185 616 Quod
1199 577 1392 620 patenter
1407 575 1601 615 ostendit.
1614 585 1704 611 cum
1721 575 1777 611 ait
1793 575 1884 620 ipsa

158 910 189 933 lt)

156 1234 188 1258 15

151 2543 185 2567 :35

212 641 554 686 praedicamenta
583 641 892 677 communicare
920 642 1077 676 tantum
1110 640 1149 675 in
1172 640 1251 676 hac
1273 648 1376 675 voce
1400 648 1475 675 ens
1496 639 1586 675 sine
1609 639 1769 675 ratione
1791 639 1884 675 sub-

210 707 389 742 stantiae
415 706 504 742 eius
524 706 742 745 communi.
770 706 848 742 hoc
870 708 934 742 est
955 715 1046 742 cum
1069 705 1200 741 solum
1224 714 1375 741 nomen
1399 713 1618 740 commune
1639 704 1823 740 habeant
1844 706 1884 740 et

211 781 293 807 non
309 771 488 816 aliquam
505 771 595 807 eius
611 771 896 808 definitionem
919 771 1057 807 datam
1080 770 1119 806 in
1136 769 1382 806 substantia.
1434 769 1477 805 In
1493 769 1729 805 substantia
1744 771 1882 805 autem

209 835 309 871 data
336 837 401 871 est
427 844 479 871 ea
511 835 708 874 definitio.
754 844 862 880 quae
896 835 936 871 in
973 834 1208 870 substantia
1240 834 1515 879 praedicatur,
1561 842 1652 869 cum
1690 833 1885 885 videlicet

210 900 420 936 sententia
446 900 701 936 definitionis
730 900 769 936 in
797 900 998 941 subiecto,
1027 900 1078 936 de
1107 909 1187 944 quo
1215 899 1305 945 ipsa
1341 899 1526 935 definitio
1563 899 1721 937 dicitur.
1758 898 1884 934 conti·

209 966 340 1005 netur,
368 966 411 1001 ut
438 965 623 1001 definitio
645 965 836 1001 animalis
857 965 924 1002 vel
946 965 1161 1001 rationalis
1182 965 1233 1001 de
1255 964 1423 1001 homine
1446 965 1510 1000 vel
1534 963 1705 1000 Socrate
1728 964 1768 1000 in
1791 964 1884 1000 sub-

209 1029 363 1066 stantia
390 1030 495 1066 sicut
522 1039 664 1066 earum
687 1030 870 1071 definita,
898 1030 1053 1067 animal
1074 1030 1233 1067 scilicet
1254 1032 1295 1066 et
1316 1030 1530 1066 rationale.
1583 1029 1701 1066 Unde
1729 1029 1768 1065 in
1791 1030 1883 1065 sub-

209 1096 362 1132 stantia
389 1096 512 1132 homo
540 1097 606 1132 vel
634 1095 829 1132 Socrates
855 1096 947 1141 ipsa
975 1096 1176 1136 dicuntur,
1212 1096 1330 1132 albus
1358 1104 1458 1131 vero
1498 1105 1590 1131 cum
1628 1095 1678 1131 de
1715 1095 1882 1131 homine

208 1161 474 1208 praedicatur
494 1162 558 1198 vel
587 1161 638 1198 de
667 1161 851 1201 Socrate.
879 1161 919 1197 in
941 1161 1175 1197 substantia
1196 1171 1278 1197 non
1301 1161 1459 1201 dicitur,
1488 1160 1586 1206 quia
1612 1170 1764 1197 sensus
1792 1160 1882 1197 eius

207 1226 248 1263 in
270 1227 475 1263 vocabulo
497 1226 674 1263 hominis
695 1236 777 1263 non
800 1227 1046 1264 continetur.
1068 1227 1219 1272 quippe
1241 1227 1364 1262 homo
1387 1226 1443 1262 nil
1464 1226 1515 1262 de
1531 1225 1724 1262 albedine
1747 1226 1881 1262 vocat.

208 1291 309 1328 Cum
336 1292 476 1337 itaque
505 1301 627 1328 omne
655 1301 788 1337 genus
816 1292 866 1328 de
895 1291 1037 1337 specie
1065 1292 1130 1328 vel
1164 1291 1375 1327 individuo
1411 1291 1451 1327 in
1491 1291 1728 1328 substantia
1764 1300 1882 1337 prae-

208 1357 379 1396 dicatur.
407 1357 464 1393 ita
490 1357 695 1397 videlicet.
723 1357 833 1402 quod
861 1367 961 1393 suus
989 1366 1139 1393 sensus
1166 1357 1206 1393 in
1234 1357 1312 1393 illis
1335 1357 1618 1397 concludatur,
1646 1357 1882 1393 substantia

208 1432 309 1459 vero
337 1423 403 1459 vel
430 1423 607 1468 qualitas
634 1423 687 1459 nil
715 1423 766 1459 de
794 1423 1005 1459 sententia
1032 1423 1140 1459 entis
1162 1423 1344 1463 denotat,
1372 1424 1415 1458 ut
1435 1432 1561 1467 supra
1579 1422 1770 1463 dlximus,
1797 1431 1880 1458 non

208 1489 345 1533 potest
370 1488 452 1524 ulla
479 1488 664 1524 definitio
693 1489 790 1525 data
815 1488 1044 1524 secundum
1071 1497 1223 1524 nomen
1246 1487 1352 1524 entis
1374 1488 1414 1524 in
1435 1488 1670 1524 substantia
1691 1488 1742 1524 de
1764 1496 1881 1533 prae—

153 1562 187 1586 2»
209 1553 452 1590 dicamentis
479 1553 723 1599 praedicari.
774 1553 893 1590 Unde
922 1553 1029 1590 entis
1066 1563 1218 1589 nomen
1247 1553 1557 1590 Aristoteles
1586 1553 1637 1589 ad
1664 1553 1878 1598 praedica-

208 1618 348 1653 menta
374 1617 595 1654 univocum
623 1627 705 1654 non
734 1618 927 1663 appellat,
954 1617 1061 1654 sicut
1093 1627 1171 1653 nec
1206 1618 1344 1653 album
1380 1617 1557 1653 univoce
1596 1617 1647 1654 de
1681 1617 1880 1654 subiectis

205 1681 450 1718 substantiis
478 1682 710 1727 praedicari
738 1682 834 1723 vult,
862 1691 944 1719 non
973 1681 1070 1727 quia
1096 1682 1250 1718 habeat
1277 1682 1466 1718 diversas
1495 1681 1775 1724 definitiones,
1804 1682 1878 1718 sed

204 1747 303 1792 quia
322 1756 405 1783 non
427 1747 552 1783 habet
567 1756 829 1783 communem
851 1747 1113 1783 substantiae
1134 1747 1339 1783 rationem
1361 1747 1414 1783 ad
1433 1747 1590 1792 primas
1611 1747 1879 1789 substantias.

204 1811 408 1847 rationem
425 1811 688 1850 definitionis,
706 1811 745 1847 id
761 1813 826 1848 est
839 1811 1044 1847 rationem
1061 1810 1335 1853 intransitive,
1349 1820 1456 1856 quae
1477 1811 1528 1847 sit
1541 1811 1739 1851 definitio.
1755 1821 1879 1857 quam

170 1888 186 1911 5
206 1876 399 1913 videlicet
415 1876 504 1922 ipse
521 1877 561 1912 in
583 1877 1041 1913 praedicamentis¹
1064 1877 1269 1913 rationem
1290 1877 1549 1913 substantiae
1565 1879 1699 1918 vocat.
1721 1877 1880 1914 scilicet

205 1941 245 1978 in
273 1942 507 1978 substantia
533 1942 871 1987 praedicabilem.
899 1943 942 1978 ut
968 1942 1289 1978 determinatum
1316 1943 1391 1978 est.

347 2006 449 2043 Sunt
475 2008 626 2046 autem,
654 2007 724 2052 qui
750 2008 996 2044 vocabulum
1024 2007 1132 2044 entis
1159 2007 1217 2043 ita
1237 2007 1469 2053 aequivoce
1491 2008 1725 2053 praedicari
1748 2009 1879 2046 velint

203 2073 256 2108 de
277 2073 639 2118 praedicamentis
661 2075 704 2109 ut
730 2073 788 2109 ita
808 2073 1073 2118 multiplicem
1100 2082 1271 2110 sensum
1293 2073 1446 2110 habeat
1467 2074 1577 2119 quod
1599 2083 1691 2110 cum
1712 2074 1879 2112 dicitur:

204 2137 439 2173 substantia
465 2138 530 2174 est
557 2136 802 2177 substantia,
830 2138 871 2173 et
897 2137 1107 2182 quantitas
1140 2138 1205 2174 est
1231 2137 1455 2182 quantitas,
1483 2137 1661 2183 qualitas
1689 2139 1754 2175 est
1780 2148 1877 2184 qua-

204 2202 298 2239 litas
326 2204 367 2239 et
394 2202 581 2238 similiter
607 2203 659 2239 de
695 2202 848 2239 ceteris
884 2202 1246 2248 praedicamentis,
1282 2203 1667 2248 praedicamentum
1704 2213 1878 2250 genera-

204 2267 456 2304 lissimorum
482 2268 736 2313 singulorum
758 2267 1105 2314 significationem
1129 2269 1254 2304 tenet.
1306 2268 1432 2305 Nobis
1454 2270 1592 2305 autem
1614 2269 1720 2306 haec
1747 2270 1878 2306 multi—

205 2332 367 2378 plicitas
394 2342 476 2369 non
505 2333 652 2378 placet,
680 2333 754 2370 sed
784 2333 893 2369 idem
920 2333 1072 2378 ubique
1100 2333 1244 2370 dicens
1272 2333 1313 2370 in
1334 2342 1385 2370 eo
1407 2334 1566 2370 tantum
1588 2335 1641 2371 ad
1661 2335 1877 2380 praedica-

205 2398 345 2432 menta
367 2406 449 2432 non
471 2406 568 2433 esse
590 2396 811 2433 univocum
827 2396 986 2437 dicitur,
1009 2397 1119 2442 quod
1140 2396 1267 2443 [cum]
1290 2407 1365 2433 ens
1387 2407 1650 2435 communem
1671 2398 1874 2435 rationem

204 2462 463 2498 substantiae
490 2462 542 2498 ad
564 2462 643 2500 illa.
672 2463 715 2498 ut
733 2462 1052 2498 determinatum
1075 2464 1149 2503 est,
1170 2465 1302 2504 <non>
1323 2463 1449 2500 habet
1469 2464 1594 2508 atque
1615 2464 1710 2500 ideo
1733 2473 1876 2501 eorum

205 2536 337 2573 genus
364 2536 458 2564 esse
487 2536 568 2563 non
596 2528 746 2572 potest.

348 2592 449 2628 Hinc
476 2592 600 2628 etiam
627 2592 777 2629 nullius
804 2602 937 2639 genus
971 2602 1066 2629 esse
1094 2593 1365 2633 convincitur,
1393 2595 1503 2639 quod
1532 2594 1691 2631 scilicet
1724 2604 1806 2631 non
1835 2595 1874 2631 in

205 2657 300 2702 quid
341 2657 622 2703 praedicatur;
662 2658 715 2693 nil
755 2658 906 2703 quippe
946 2659 1055 2703 quod
1097 2659 1188 2704 ipsa
1227 2658 1554 2705 interrogatione
1594 2660 1874 2705 perpenditur.

205 2725 405 2759 constans
432 2732 524 2759 esse
551 2723 824 2769 interroganti
851 2724 977 2760 debet
1003 2724 1054 2760 ad
1084 2733 1175 2760 eam
1204 2725 1467 2769 responderi;
1505 2725 1610 2761 haec
1646 2726 1783 2761 autem
1818 2726 1874 2761 in-

350 2823 362 2853 1
395 2821 558 2854 essentia
584 2821 612 2854 A
713 2822 732 2853 3
760 2821 967 2862 sequentis]
994 2832 1035 2855 se
1062 2822 1090 2855 A
1202 2824 1305 2855 11-12
1336 2823 1369 2855 in
1397 2823 1600 2856 subiectum
1627 2823 1656 2855 A
1771 2825 1810 2856 12
1838 2825 1873 2857 in

204 2891 229 2913 a
256 2889 374 2914 manu
401 2881 613 2922 posteriore
633 2881 807 2913 additum
828 2882 868 2914 in
888 2881 918 2914 A
1020 2882 1124 2914 19-20
1147 2882 1363 2922 praedicare
1383 2882 1411 2915 A
1513 2883 1555 2915 :23
1579 2884 1668 2924 post
1694 2884 1872 2917 rationem

205 2941 292 2973 add.
320 2941 346 2973 A
378 2941 411 2973 in
518 2940 560 2972 28
584 2938 695 2980 quod}
723 2949 818 2981 quae
845 2941 871 2973 A
957 2941 1064 2974 29-30
1091 2943 1147 2973 est
1175 2942 1333 2982 qualitas
1358 2942 1431 2979 2³„
1450 2942 1531 2975 inA
1634 2943 1739 2975 32—33
1767 2952 1874 2984 prae-

205 3000 399 3032 dicamenti
426 2999 453 3031 A
538 2999 582 3030 3ss
610 2997 722 3039 quod]
750 2999 895 3040 quidem
922 3000 950 3032 A
1004 2998 1090 3040 non}
1118 3001 1162 3032 de
1189 3000 1217 3033 A
1306 3001 1349 3033 37
1378 2999 1489 3041 quod]
1518 3010 1627 3042 quam
1653 3002 1682 3035 Α
1747 3003 1790 3035 38
1818 3012 1873 3036 re-

203 3060 334 3100 spondi
362 3060 371 3091 i
398 3059 426 3091 A

347 3128 356 3150 ¹
386 3129 548 3168 Boctl1.,
577 3129 619 3162 In
643 3130 765 3171 Catey.
793 3129 907 3162 Arist.
936 3129 991 3163 1²1,
1017 3130 1072 3167 64,
1100 3139 1134 3171 p.
1166 3130 1281 3163 16:30.
