2200 3387
1874 213 1903 224 .-

544 223 570 253 1.
602 221 665 253 Die
692 219 846 252 (ilos-sen
876 227 917 251 zu
950 216 1181 259 Porphyrius.
1211 233 1252 237 -
1283 218 1334 250 De
1361 217 1578 250 differentia.
1859 215 1897 249 tu

234 318 510 354 differentiam
539 318 647 355 facit.
680 319 721 353 et
748 317 854 352 sicut
881 316 1076 351 Socrates
1113 325 1185 360 per
1219 316 1450 350 sessionem
1488 317 1752 360 praesentem
1782 324 1902 359 quam

235 383 346 428 prius
375 393 455 419 non
486 383 675 420 habebat.
704 382 754 417 de
782 391 829 417 se
858 381 948 426 ipso
976 381 1167 416 diversus
1196 381 1328 416 factus
1358 383 1430 417 est.
1459 381 1513 416 ita
1541 381 1665 416 etiam
1696 390 1770 425 per
1801 380 1905 416 cica-

234 448 377 484 trICem
407 458 514 493 quae
543 450 607 483 est
634 446 912 492 inseparabile
940 446 1148 483 accidens,
1187 445 1251 481 vel
1280 446 1538 485 caecitatem.
1577 448 1618 481 et
1652 446 1728 481 lioc
1756 455 1906 490 corpus

233 524 258 550 a
285 524 330 550 sc
359 513 449 558 ipso
472 522 546 558 per
566 512 875 549 animationem,
898 520 1005 556 quae
1028 513 1090 546 est
1111 511 1347 546 differentia
1363 511 1660 546 substantialis.
1715 511 1763 546 (rt
1786 511 1907 555 igitur

197 587 212 608 f·
234 588 396 614 omnem
427 577 589 612 niodum
621 576 838 612 differendi
867 586 889 611 a
925 586 970 612 se
1007 575 1264 611 includamus
1302 576 1377 611 sub
1415 576 1619 611 communi
1658 575 1904 613 differentia.

182 910 212 933 li!

184 1207 214 1258 115

181 1563 215 1590 ΞΟ

186 2868 221 2892 4υ

233 643 521 680 alterationem
551 642 628 677 hoc
658 642 747 677 loco
778 641 1039 687 intelligimus
1067 650 1188 677 omnc
1217 641 1413 677 accidens
1436 641 1723 686 inseparabile.
1752 651 1832 686 quo
1855 642 1905 677 ab

233 708 314 743 alio
348 707 552 743 differunt.
591 708 631 742 et
667 706 891 751 quamlibet
931 706 1101 750 insuper
1140 706 1326 743 formam.
1367 706 1594 741 secundum
1635 715 1756 750 quarn
1795 716 1820 741 a
1860 716 1905 741 se

235 773 326 818 ipsa
363 782 430 808 res
459 781 566 817 quae
604 781 696 808 eain
735 771 919 816 suscipit.
958 772 1115 806 mutata
1152 773 1227 806 est.
1281 770 1362 806 Iam
1403 771 1632 806 communis
1673 771 1906 807 differentia

234 846 315 872 non
344 837 474 872 solum
504 835 756 881 separabilia
782 835 1016 871 accidentia
1043 835 1283 874 continebit,
1312 844 1455 871 verum
1494 835 1615 871 etiarn
1646 835 1906 881 [secunduml

233 901 458 946 quamlibet
479 901 665 938 formam.
689 900 917 936 secundum
940 900 1018 936 hoc
1033 900 1142 945 quod
1166 910 1251 936 rem
1268 900 1497 936 subiectam
1521 910 1545 936 a
1567 910 1613 936 se
1636 901 1726 946 ipsa
1747 901 1906 937 alterat.

376 966 442 1002 Sic
471 966 579 1012 lege:
614 965 897 1001 Communiter
930 965 1097 1002 differre
1135 965 1281 1001 dicitur
1317 966 1490 1001 alterurn
1526 966 1576 1002 ab
1617 967 1760 1004 altero.
1798 966 1906 1011 quod

234 1031 371 1068 differt
399 1031 575 1076 quadam
600 1031 820 1068 alteritate.
849 1033 890 1067 et
917 1031 1086 1076 insuper
1107 1031 1380 1067 communiter
1401 1031 1569 1067 differre
1598 1031 1754 1069 dicitur.
1783 1032 1908 1076 quod-

233 1105 410 1141 cumque
439 1096 576 1132 differt
603 1096 810 1132 alteritate
839 1106 920 1132 non
949 1098 1105 1132 tantum
1136 1097 1187 1132 ab
1216 1097 1359 1136 altero.
1395 1096 1468 1132 sed
1497 1106 1757 1141 quocumque
1786 1097 1907 1133 modo

234 1161 408 1198 differat.
461 1161 579 1202 Quod
608 1162 745 1197 statim
777 1161 1026 1197 determinat
1053 1161 1213 1197 dicens2
1244 1162 1303 1197 rel
1331 1172 1355 1196 (ι
1384 1172 1426 1197 se
1456 1162 1548 1206 ipso
1572 1162 1632 1197 vel
1659 1163 1712 1197 (th
1740 1162 1843 1205 atto,
1869 1162 1907 1198 id

236 1227 300 1262 est
328 1226 417 1262 sive
444 1226 502 1262 ita
529 1225 637 1270 quod
666 1236 691 1262 a
719 1235 764 1262 se
788 1225 953 1261 differat
975 1225 1065 1261 sive
1087 1226 1139 1261 ab
1159 1226 1291 1261 altero
1314 1226 1513 1264 subiecto.
1541 1226 1772 1262 communis
1795 1226 1908 1262 diffe-

235 1291 369 1327 rentia
391 1291 618 1327 secundum
641 1292 859 1335 utrumque
881 1291 1038 1327 dicitur.
1091 1291 1239 1327 Differ!
1266 1292 1392 1327 t‘m'm.
1444 1291 1484 1327 In
1508 1291 1694 1336 partibus
1716 1292 1908 1328 ostendit.

235 1357 344 1402 quod
372 1357 545 1393 alterum
575 1356 806 1392 subiectum
836 1366 911 1401 per
937 1356 1173 1392 huiusmodi
1201 1356 1478 1392 differentiam
1514 1357 1564 1392 ab
1602 1357 1733 1392 altero
1770 1356 1908 1393 differt

235 1424 275 1458 et
303 1432 327 1458 a
355 1432 399 1458 se
429 1422 528 1467 ipso.
583 1422 629 1457 Et
660 1422 748 1466 ipse
774 1432 798 1457 (ι
827 1432 869 1457 se
898 1422 991 1466 ipso
1019 1421 1156 1458 differt
1183 1422 1341 1458 scilicet
1363 1422 1429 1458 vel
1450 1431 1500 1458 eo
1530 1422 1738 1458 existente
1767 1432 1908 1467 puero.

233 1487 312 1523 hoc
352 1489 414 1523 est
449 1497 524 1532 per
559 1487 779 1532 pueritiam
813 1496 936 1532 quam
971 1487 1092 1522 modo
1130 1487 1266 1527 habet,
1299 1487 1367 1531 qui
1400 1487 1514 1532 prius
1552 1489 1641 1523 erat
1681 1487 1828 1525 infans.
1869 1490 1909 1524 et

236 1561 311 1598 per
338 1552 496 1588 virilem
525 1553 707 1588 aetatem
735 1561 856 1597 quam
886 1552 999 1597 prius
1027 1562 1110 1588 non
1138 1552 1330 1589 habebat,
1359 1553 1423 1588 vel
1458 1562 1533 1597 per
1568 1553 1646 1589 hoc
1674 1553 1783 1598 quod
1810 1552 1909 1589 facit

234 1618 387 1662 aliquid
415 1627 439 1654 a
467 1627 548 1663 quo
577 1617 690 1662 prius
719 1618 972 1662 quiescebat,
1002 1618 1068 1653 vel
1097 1617 1274 1662 quiescit
1301 1619 1352 1654 ab
1376 1627 1426 1654 eo
1452 1619 1561 1663 quod
1584 1618 1697 1663 prius
1718 1618 1908 1654 faciebat.

235 1683 283 1719 Et
309 1693 477 1728 semper
503 1682 641 1719 differt
668 1683 862 1719 videlicet
890 1682 1085 1719 Socrates
1114 1693 1138 1719 a
1166 1692 1211 1719 se
1243 1684 1285 1719 in
1313 1684 1603 1719 alteritatibus
1630 1684 1695 1720 vel
1723 1684 1909 1720 mutatio-

235 1746 367 1785 nibus.
402 1747 440 1783 id
475 1748 539 1783 est
572 1756 647 1792 per
679 1747 950 1782 alterationes
987 1747 1167 1783 habendi
1205 1756 1251 1783 se
1286 1747 1423 1792 aliquo
1463 1747 1584 1784 modo
1613 1757 1693 1793 quo
1722 1748 1835 1793 prius
1864 1757 1909 1783 se

236 1811 430 1848 Socrates
458 1822 538 1848 non
568 1812 760 1848 habebat:

378 1877 501 1913 Nota
534 1879 684 1915 autem.
714 1877 822 1922 quod
860 1877 938 1913 hoc
972 1877 1062 1913 loco
1098 1877 1291 1922 quidam
1331 1887 1413 1914 non
1459 1878 1592 1914 solum
1632 1877 1908 1914 differentiam

236 1943 447 1988 appellant
474 1944 741 1988 praesentem
769 1942 956 1980 formam.
985 1952 1128 1979 verum
1158 1943 1280 1979 etiam
1311 1943 1590 1988 praeteritam.
1623 1946 1664 1979 ut
1691 1943 1910 1989 pueritiam

236 2017 401 2054 quoque
429 2007 613 2044 Socratis
641 2008 910 2053 praeteritam
939 2008 1217 2045 differentiam
1253 2009 1342 2045 eius
1377 2009 1527 2049 dicunt,
1562 2018 1636 2054 per
1663 2018 1786 2054 quam
1814 2018 1839 2045 a
1865 2018 1910 2045 se

237 2074 404 2110 differre
432 2074 590 2113 dicitur.
618 2074 658 2109 in
687 2083 737 2110 eo
765 2073 936 2112 scilicet.
965 2074 1074 2119 quod
1103 2084 1195 2110 eam
1217 2074 1360 2110 habuit
1382 2084 1505 2119 quam
1526 2074 1649 2110 modo
1672 2084 1754 2110 non
1774 2074 1909 2110 habet.

236 2138 331 2174 Nos
353 2148 454 2175 vero
476 2138 573 2175 illud
596 2139 707 2184 quod
729 2138 897 2174 omnino
919 2148 1000 2174 non
1024 2141 1098 2176 est.
1122 2148 1199 2174 nec
1221 2139 1500 2175 differentiam
1523 2148 1615 2175 esse
1637 2148 1716 2175 nec
1736 2139 1908 2175 formam

239 2213 316 2240 nec
343 2203 496 2249 aliquid
523 2213 620 2240 esse
648 2204 926 2240 concedimus.

381 2269 558 2314 Proprie
573 2271 728 2305 antem.
745 2268 949 2307 Ostensis,
965 2269 1061 2314 quid
1081 2269 1133 2305 sit
1153 2269 1320 2305 differre
1336 2270 1619 2307 communiter.
1636 2270 1910 2315 prosequitur.

238 2335 335 2380 quid
356 2335 407 2370 sit
429 2334 596 2370 differre
619 2334 785 2379 proprie
808 2335 873 2370 vel
896 2334 1028 2381 magis
1051 2335 1228 2380 proprie.
1281 2335 1465 2371 (Ventris
1484 2337 1639 2371 autem.
1687 2335 1912 2381 Dupliciter

239 2409 389 2436 nomen
406 2399 612 2436 cicatricis
631 2400 695 2435 hic
717 2399 874 2444 accipe.
897 2409 970 2444 pro
992 2400 1199 2436 accidenti
1220 2400 1389 2438 scilicet.
1411 2409 1501 2436 cum
1526 2401 1689 2436 dicitur:
1728 2400 1911 2438 ,cicatrix

239 2465 518 2511 inseparabile
540 2465 736 2501 accidens
760 2467 833 2501 est‘
857 2467 897 2501 et
922 2475 995 2510 pro
1018 2466 1218 2505 subiecto.
1244 2466 1409 2511 quando
1431 2466 1629 2502 subicitur
1656 2476 1757 2507 ,cum
1781 2467 1912 2502 occal-

204 2540 218 2562 ³.
239 2529 383 2569 luerit·.
412 2529 590 2574 qualitas
613 2529 766 2575 quippe
789 2540 869 2565 non
893 2530 1079 2570 occallet.
1102 2530 1176 2566 sed
1197 2530 1523 2567 fundamentum.
1558 2531 1782 2567 Rationate'
1809 2541 1912 2575 qem-

239 2595 370 2636 litate,
409 2595 448 2630 id
486 2596 549 2631 est
583 2595 780 2639 qualitate
817 2595 995 2631 faciente
1024 2595 1154 2640 ipsum
1185 2596 1392 2631 hominem
1422 2596 1678 2634 rationalem.
1713 2605 1820 2641 quae
1849 2598 1913 2631 est

239 2660 398 2696 scilicet
413 2660 684 2698 rationalitas,
710 2670 816 2705 quae
834 2661 941 2696 bene
957 2660 1156 2706 specifica
1178 2661 1334 2699 dicitur.
1355 2661 1452 2706 quia
1467 2661 1506 2697 in
1528 2661 1801 2697 substantiam
1821 2661 1914 2696 sub-

241 2725 388 2762 iectam
405 2725 619 2761 materiam
637 2727 856 2770 promovet
871 2727 912 2761 et
927 2726 1109 2771 speciem
1127 2735 1224 2762 esse
1246 2726 1355 2764 facit.
1377 2726 1414 2762 id
1432 2728 1495 2762 est
1511 2736 1597 2762 rem
1621 2725 1789 2771 speciei.
1806 2734 1912 2770 quae

242 2790 364 2826 homo
399 2791 473 2825 est.
519 2790 822 2826 Universale'ter
853 2801 963 2834 eruo.
1013 2791 1234 2836 Postquam
1265 2791 1521 2827 differentias
1556 2792 1606 2827 ab
1641 2791 1816 2827 invicem
1852 2800 1914 2827 se-

241 2853 432 2900 gregavit
460 2853 689 2889 ostendens
722 2853 778 2899 [id
808 2853 889 2899 est]
923 2864 1030 2899 quae
1052 2864 1293 2890 communes
1321 2855 1413 2892 sint,
1438 2864 1545 2899 quae
1570 2855 1775 2900 propriae.
1807 2864 1913 2899 quae

242 2919 375 2963 magis
398 2918 604 2963 propriae.
627 2928 768 2954 rursus
790 2919 982 2954 omnibus
1004 2919 1100 2955 illud
1123 2920 1230 2964 quod
1254 2929 1473 2955 commune
1495 2920 1648 2955 liabent
1670 2919 1709 2956 in
1732 2929 1782 2956 eo
1804 2920 1912 2964 quod

242 2983 504 3020 differentiae
530 2985 636 3020 sunt.
664 2983 864 3029 assignat.
894 2984 1032 3020 facere
1059 2984 1217 3020 scilicet
1242 2985 1472 3022 alteratum.
1502 2984 1539 3020 id
1563 2987 1626 3021 est
1653 2994 1914 3029 quocumque

390 3112 430 3142 1⁸
459 3111 515 3142 vel
545 3108 604 3149 eol
633 3110 717 3142 idco
747 3110 772 3142 A
876 3112 917 3142 40
947 3120 1041 3150 quae
1069 3120 1184 3151 super
1211 3111 1350 3142 lineam
1379 3111 1573 3151 seriptum.

1942 2759 2076 2794 Boetli.

1943 2818 1975 2851 p.
1985 2807 2052 2841 2⁴⁴
2068 2810 2076 2831 ¹
