2200 3387
389 239 419 272 2.
448 238 513 273 Die
541 237 697 273 Glossen
725 248 768 272 zu
796 237 864 273 den
894 238 1128 281 Kategorien.
1162 257 1199 262 —
1230 237 1281 272 De
1310 238 1407 280 quali
1436 242 1472 272 ot
1500 240 1687 281 qualitate.
1838 234 1905 273 237

228 337 402 374 sitiones
442 347 543 374 vero
582 339 814 374 ceterarum
858 345 1007 377 rerum,
1048 346 1156 381 quae
1197 336 1355 373 scilicet
1399 346 1466 373 res
1510 347 1591 373 non
1630 339 1726 374 sunt
1769 337 1905 374 factae

228 403 279 439 ad
308 403 741 449 repraesentationem
775 401 959 441 alicuius,
992 402 1175 446 appellat
1202 401 1368 437 formas.
1422 403 1525 438 Sunt
1557 405 1696 439 autem
1734 403 1801 439 alii
1838 403 1905 448 qui

230 468 442 505 Boethio
484 468 699 514 imponunt
739 476 831 504 eum
873 467 1030 512 figuras
1069 467 1281 512 appellare
1322 467 1647 512 compositiones
1689 469 1907 512 geometri-

229 542 371 569 corum
406 542 638 578 corporum.
674 541 782 577 quae
819 532 870 568 ad
909 532 1233 568 mensurandum
1273 532 1452 568 describi
1487 532 1633 572 solent,
1671 535 1905 569 ceterorum

192 606 207 630 ⁵
230 608 332 635 vero
360 598 690 643 compositiones
718 598 873 634 formas
899 597 1122 642 appellant.
1176 597 1227 633 At
1255 607 1356 634 vero
1391 608 1444 634 ex
1479 598 1557 634 hoc
1591 598 1688 634 nihil
1717 598 1826 634 aliud
1855 599 1905 634 ad

229 663 507 700 differentiam
537 662 695 699 formae
724 663 789 699 vel
817 663 978 709 figurae
1012 664 1168 699 certum
1208 662 1444 703 haberetur,
1482 663 1560 699 nisi
1598 664 1695 709 quia
1730 665 1906 711 figuram

228 731 353 765 vocat
381 728 630 774 triangulum
660 731 700 765 et
728 728 986 774 quadratum,
1015 728 1190 764 formam
1219 738 1321 765 vero
1350 729 1592 774 qualitatem
1621 730 1781 775 figurae
1810 731 1908 768 dicit

229 796 270 831 et
291 794 479 831 similiter
500 794 692 840 trianguli
714 794 780 830 vel
802 794 1003 840 quadrati,
1026 796 1067 830 et
1088 803 1142 830 ex
1164 794 1298 840 figura
1319 795 1552 840 figuratum,
1582 805 1635 832 ex
1657 796 1790 833 forma
1812 797 1909 833 dicit

229 869 326 897 esse
365 860 604 897 formosum.
666 860 797 899 ,Unde
838 860 974 899 etiam.
1016 860 1184 906 inquit1.
1225 860 1434 898 formosos
1475 861 1666 898 homines
1707 862 1906 899 dicimus·

179 931 210 956 ¹0
230 926 309 967 Qui
336 927 460 963 etiam
489 936 632 963 rursus
661 927 863 962 obscurus
890 926 991 968 <de>
1024 926 1159 973 figura
1194 926 1371 972 loquens
1408 927 1509 963 ait2:
1551 927 1711 974 ‚Figura
1749 930 1824 969 est,
1867 930 1909 964 ut

229 994 471 1038 geometrae
499 992 711 1031 definiunt,
740 1001 847 1037 quae
869 992 947 1028 sub
969 992 1107 1037 aliquo
1130 992 1196 1028 vel
1218 992 1425 1037 aliquibus
1447 993 1633 1029 terminis
1655 994 1908 1037 continetur;

230 1058 305 1094 sub
333 1058 472 1104 aliquo
502 1057 679 1102 quidem.
714 1059 756 1094 ut
783 1057 971 1099 circulus,
1008 1058 1083 1094 sub
1112 1058 1317 1103 aliquibus
1347 1068 1460 1097 vero,
1495 1060 1538 1095 ut
1565 1059 1814 1104 triangulum
1842 1060 1908 1096 vel

230 1123 498 1168 quadratum.‘
552 1123 725 1160 Videtur
757 1123 897 1168 itaque
926 1123 1167 1160 Boethius
1202 1124 1333 1169 ipsam
1363 1124 1706 1170 compositionem
1734 1125 1908 1171 figuram

229 1188 454 1234 appellare.
479 1189 675 1225 decorem
698 1198 800 1225 vero
823 1190 893 1225 aut
913 1189 1221 1234 turpitudinem.
1245 1199 1351 1234 quae
1374 1199 1427 1226 ex
1450 1190 1755 1235 compositione
1776 1190 1910 1227 nasci-

179 1260 210 1286 15
231 1254 306 1289 tur.
334 1262 488 1290 vocare
515 1253 701 1290 formam.

375 1318 441 1355 Sic
467 1319 610 1365 iunge:
650 1319 826 1355 Primum
864 1319 929 1355 vel
964 1320 1193 1356 secundum
1230 1320 1295 1356 vel
1334 1320 1498 1356 tertium
1533 1330 1666 1365 genus
1707 1324 1802 1356 sunt
1841 1321 1911 1357 illa

233 1384 509 1430 supraposita.
538 1385 613 1421 sed
641 1386 831 1430 quartum
854 1386 950 1421 sunt
970 1385 1104 1422 forma
1125 1387 1167 1421 et
1186 1385 1332 1431 figura.
1383 1385 1573 1431 Figuram
1597 1385 1689 1422 dico
1711 1388 1912 1422 constans

231 1450 342 1486 eirea
371 1450 555 1496 aliquid,
582 1450 660 1487 hoc
688 1452 750 1487 est
777 1450 888 1487 circa
908 1460 996 1487 rem
1016 1450 1180 1491 factam,
1209 1451 1260 1487 ad
1282 1451 1716 1496 repraesentationem
1738 1451 1911 1488 alterius

233 1514 461 1551 secundum
490 1515 663 1560 primam
691 1515 943 1551 sententiam
967 1515 1031 1551 vel
1053 1515 1164 1551 circa
1184 1515 1483 1561 geometricum
1505 1524 1657 1561 corpus
1681 1516 1910 1552 secundum

179 1588 214 1614 «ιο
235 1580 463 1616 secundam
492 1581 557 1616 vel
585 1582 785 1617 constans
813 1580 926 1617 circa
951 1580 1106 1626 aliquid
1142 1582 1351 1626 tamquam
1380 1581 1611 1617 subiectum
1642 1591 1773 1623 suum,
1801 1581 1911 1627 quod

233 1645 315 1681 iam
343 1645 593 1682 determinat
619 1645 811 1688 fortasse,
839 1655 892 1682 ne
920 1655 996 1691 per
1021 1645 1199 1692 figuram
1226 1646 1482 1692 intelligatur
1516 1646 1609 1692 ipsa
1646 1648 1785 1683 statua
1810 1646 1912 1692 figu-

234 1718 344 1750 rans,
372 1709 448 1746 sed
475 1709 666 1755 qualitas.
717 1710 920 1755 Amplius
946 1711 1084 1746 autem
1113 1710 1172 1746 ad
1197 1711 1310 1753 haee,
1346 1711 1385 1747 id
1415 1712 1478 1747 est
1512 1710 1564 1746 ad
1591 1710 1766 1747 formam
1795 1712 1836 1747 et
1867 1710 1912 1746 fi-

233 1784 390 1821 guram,
417 1774 625 1812 adduntur
654 1775 919 1818 r.<e(·tituclo>
947 1777 988 1811 et
1015 1776 1276 1818 commistis>
1311 1779 1353 1812 ut
1386 1776 1545 1813 scilicet
1572 1776 1691 1812 simul
1719 1785 1813 1812 cum
1849 1776 1911 1812 eis

233 1840 315 1876 sint
342 1841 418 1877 sub
446 1842 594 1886 quarto
622 1850 790 1886 genere.
845 1841 892 1877 Et
918 1841 956 1877 si
983 1841 1090 1887 quid
1116 1842 1183 1877 tris
1209 1844 1266 1877 est
1293 1841 1447 1885 simile,
1480 1841 1520 1877 id
1557 1843 1619 1878 est
1653 1843 1794 1878 cetera
1820 1851 1912 1887 pro-

181 1914 214 1940 25
236 1906 326 1951 pria
353 1906 587 1943 accidentia
619 1906 779 1943 formae
814 1908 856 1943 et
890 1906 1062 1952 figurae,
1090 1907 1168 1945 vel.
1206 1907 1239 1943 si
1276 1907 1327 1943 de
1368 1909 1516 1952 quarto
1555 1916 1713 1953 genere
1752 1909 1912 1943 tantum

235 1971 423 2008 dicamus
452 1981 549 2008 esse
575 1972 752 2009 formam
779 1972 846 2009 vel
885 1972 1074 2019 figuram.
1103 1972 1289 2009 dicemus
1326 1973 1379 2009 ad
1407 1973 1512 2009 haec
1539 1975 1735 2018 quattuor
1771 1982 1914 2018 supra·

235 2036 373 2082 posita
405 2046 564 2083 genera
598 2037 841 2082 qualitatum
881 2037 977 2074 addi
1015 2038 1091 2074 sub
1131 2037 1330 2083 qualitate
1370 2037 1663 2074 rectitudinem
1704 2039 1744 2074 et
1784 2038 1915 2074 curvi-

234 2104 374 2142 tatem.
402 2112 455 2139 ne
482 2102 679 2140 videlicet
707 2112 853 2140 omnes
881 2103 1103 2148 qualitates
1138 2103 1468 2149 intelligerentur
1504 2103 1657 2140 includi
1692 2103 1733 2140 in
1770 2113 1915 2149 supra-

235 2168 384 2214 positis
413 2170 608 2214 quattuor
635 2169 844 2206 maneriis.
896 2169 945 2205 Et
971 2169 1009 2205 εἰ·
1035 2169 1142 2214 quiz!
1168 2169 1235 2205 leis
1267 2171 1325 2205 est
1351 2169 1505 2212 simile,
1541 2170 1620 2206 hoc
1656 2172 1731 2211 est,
1768 2179 1914 2206 omnes

181 2243 216 2268 30
237 2232 344 2269 aliae
372 2232 606 2278 qualitates.
660 2232 778 2273 Quod
807 2233 972 2278 quidem
1001 2233 1193 2279 proxima
1226 2233 1345 2270 litera
1381 2233 1546 2270 videtur
1581 2234 1768 2273 innuere,
1807 2243 1914 2279 quae

237 2297 387 2342 probat
413 2298 550 2334 statim
587 2298 856 2343 supraposita
882 2298 1104 2343 qualitates
1142 2308 1251 2335 esse.
1304 2299 1338 2335 A
1371 2299 1655 2344 descriptione
1694 2299 1914 2344 qualitatis

238 2362 336 2407 quia
375 2362 535 2399 scilicet
569 2362 727 2399 faciunt
766 2363 915 2408 qualia.
967 2363 1014 2400 Et
1052 2364 1131 2400 hoc
1171 2365 1252 2400 est:
1291 2364 1533 2400 Secumlmn
1576 2365 1917 2410 unumquodque

238 2427 435 2470 istorum,
472 2427 510 2464 id
539 2430 604 2464 est
640 2429 870 2465 secundum
906 2429 1082 2465 formam
1112 2430 1178 2466 vel
1214 2429 1391 2476 figuram
1431 2430 1496 2466 vel
1533 2430 1823 2467 rectitudinem
1851 2431 1915 2466 vel

245 2492 502 2530 curvitatem.
542 2492 714 2538 aliquid
749 2493 909 2529 dicitnr
943 2494 1081 2539 quale.
1145 2494 1428 2538 Triamsulum
1467 2495 1594 2531 enim.
1653 2494 1762 2531 Vere
1794 2495 1916 2540 quale

184 2557 396 2597 asfaciunt
422 2557 514 2599 ista,
543 2558 640 2603 quia
675 2558 832 2595 faciunt
868 2559 1116 2606 triangulum
1146 2561 1221 2596 etc.
1274 2560 1307 2596 A
1344 2560 1543 2605 partibus.
1595 2560 1643 2596 Et
1679 2561 1788 2597 unde
1826 2560 1915 2598 hoc.

239 2623 398 2660 scilicet
427 2623 535 2668 quod
565 2624 598 2660 si
624 2623 781 2660 faciunt
807 2625 898 2662 ista,
928 2625 1065 2669 qualia
1090 2625 1258 2663 faciant,
1295 2625 1485 2671 assignat
1521 2626 1676 2663 dicens,
1705 2626 1801 2671 quia
1838 2626 1916 2661 ista

239 2689 378 2735 qualia
406 2691 512 2729 sunt.
547 2691 588 2726 et
621 2690 700 2726 hoc
736 2692 818 2726 est:
858 2691 1129 2735 trianynlum
1171 2692 1285 2727 enim
1328 2692 1404 2728 etc.
1457 2690 1710 2737 Compositio
1751 2691 1915 2736 quidem

239 2755 331 2801 ipsa
358 2764 465 2800 quae
494 2755 759 2801 triangulatio
787 2756 934 2792 dicitur
961 2757 1026 2793 vel
1055 2756 1415 2802 quadrangulatio.
1449 2757 1546 2793 facit
1572 2757 1820 2802 triangulum
1850 2756 1915 2792 vel

239 2820 497 2866 quadratum.

185 2898 221 2923 ιο
385 2885 546 2921 Rarum
573 2895 679 2922 vero.
730 2885 936 2922 Tractatis
958 2886 1151 2931 superius
1176 2886 1239 2921 his
1262 2895 1369 2930 quae
1391 2886 1673 2922 indubitanter
1693 2886 1915 2931 qualitates

241 2952 348 2991 sunt,
385 2951 517 2997 tangit
543 2951 844 2988 dubitationem
872 2951 923 2988 de
951 2951 1201 2997 quibusdam
1238 2952 1374 2988 rebus.
1412 2961 1520 2996 quae
1557 2952 1722 2996 quidem
1751 2952 1917 2997 quibus-

241 3016 334 3052 dam
364 3016 585 3061 qualitates
613 3026 710 3053 esse
738 3017 988 3053 videbantur
1014 3018 1054 3053 et
1081 3017 1220 3062 qualia
1247 3017 1398 3054 facere.
1437 3017 1680 3062 quibusdam
1709 3027 1811 3054 vero
1848 3026 1917 3062 po-

387 3137 396 3158 ¹
426 3137 576 3170 Boeth.
605 3137 626 3169 Ι.
655 3146 682 3169 r.
724 3146 756 3178 p.
786 3137 853 3169 250
869 3137 907 3169 D.
1054 3136 1068 3159 '2
1096 3137 1243 3170 Boc-th.
1274 3137 1295 3170 I.
1324 3146 1363 3174 e..
1393 3146 1426 3178 p.
1456 3138 1576 3170 251Α.

1944 2866 2037 2901 Boet
2044 2866 2065 2900 h
2072 2891 2081 2901 .

1945 2925 1977 2958 p.
1990 2914 2055 2948 2³51
2075 2914 2105 2948 B
