2200 3387
316 239 382 273 156
718 241 823 272 Peter
848 237 1052 272 Abaelards
1080 238 1214 280 Logica
1242 234 1565 279 ,Ingredientibus‘.

314 337 545 382 speciebus.
574 336 649 373 sed
677 338 718 372 et
744 336 837 372 illae
865 335 1122 372 substantiae
1151 336 1215 371 vel
1253 334 1511 370 differentiae
1540 343 1646 378 quae
1682 329 1973 378 praedicantur

315 402 364 436 de
392 401 533 445 primis
562 401 781 436 individuis
810 402 850 436 et
877 410 984 445 quae
1012 399 1304 445 praedicantur
1325 399 1375 435 de
1397 398 1575 434 diversis
1596 397 1829 443 speciebus,
1856 407 1972 442 prae-

314 466 502 502 dicantur
528 466 714 502 univoce.
767 465 903 506 Quare
925 475 1069 501 omnes
1092 464 1349 500 universales
1372 463 1630 499 substantiae
1653 464 1693 498 et
1713 462 1973 498 differentiae

315 531 607 575 praedicantur
627 530 814 566 univoce.
843 530 1242 575 Propositionem
1264 538 1364 564 vero
1386 528 1505 564 huius
1522 527 1750 573 syllogismi
1770 527 1971 563 habemus

314 596 395 631 hic:
412 596 570 632 ,01111113
591 595 723 635 enim,
745 595 1136 639 assumptionem
1159 603 1258 629 vero
1277 593 1348 628 ibi:
1375 592 1588 634 ,Secundis
1615 591 1868 628 substantiis.
1896 591 1971 627 Ra·
1992 596 2008 621 5

315 660 466 695 110110111
496 669 670 704 quoque.
712 658 770 694 De
799 658 1042 695 differentiis
1068 660 1204 694 autem
1233 657 1441 698 similiter,
1469 655 1846 692 conclusionem
1873 663 1974 691 vero

316 725 366 760 de
395 725 579 769 utrisque
606 724 878 759 communiter
904 723 959 759 ibi
985 724 1206 768 supponet:
1236 722 1373 765 Quare
1395 721 1555 757 omnia.
1607 720 1673 756 Sic
1690 721 1800 765 lege:
1828 719 1976 756 Omnia

315 790 555 834 praedicata
581 789 632 825 ab
659 789 734 826 his.
762 789 801 824 id
829 790 893 824 est
925 787 1221 833 praedicabilia
1257 787 1307 822 de
1343 795 1515 822 numero
1549 785 1873 821 substantiarum
1908 784 1975 820 vel

315 854 652 891 differentiarum.
689 855 729 889 et
764 853 1055 898 praedicantur
1082 853 1132 888 de
1169 852 1390 887 individuis
1427 852 1594 891 tantum,
1630 850 1670 886 id
1706 851 1771 885 est
1805 858 1888 885 non
1924 848 1975 884 de

315 919 492 955 diversis
521 918 752 963 speciebus,
779 918 845 953 vel
873 918 995 953 etiam
1025 917 1075 952 de
1103 916 1280 952 diversis
1314 916 1545 961 speciebus.
1595 914 1643 950 Et
1675 923 1803 958 quare
1838 913 1971 949 deter-
1996 922 2028 946 ιο

316 984 487 1019 minavit
514 983 764 1028 praedicata,
793 992 961 1018 causam
994 981 1139 1023 reddit,
1175 982 1344 1026 propter
1383 980 1540 1016 scilicet
1578 979 1848 1024 particulares
1885 978 1976 1014 sub-

322 1049 508 1085 stantias.
525 1057 632 1092 quae
649 1057 731 1083 non
753 1047 1045 1092 praedicantur
1060 1046 1218 1082 scilicet
1238 1046 1289 1082 de
1305 1044 1498 1081 inferiori.
1524 1044 1572 1080 Et
1586 1045 1664 1080 hoc
1685 1045 1765 1080 est:
1784 1030 1976 1087 Aprzma

316 1114 485 1158 quidem
515 1112 753 1148 substantift
784 1121 870 1147 11011
897 1113 954 1147 est
978 1111 1260 1155 praedicatio,
1295 1111 1374 1146 hoc
1411 1111 1475 1146 est
1507 1109 1639 1154 prima
1667 1107 1899 1144 substantia
1925 1107 1976 1143 de

317 1179 426 1213 nullo
466 1177 738 1222 praedicatur.
803 1176 921 1216 Quod
961 1175 1140 1211 ostendit
1177 1184 1202 1210 a
1241 1175 1519 1219 descriptione
1559 1173 1826 1218 ,praedicari‘,
1867 1172 1975 1217 quod

317 1243 465 1288 accipit
485 1243 644 1279 dicens:
673 1242 731 1277 De
752 1241 872 1277 1111110
894 1241 1019 1276 enim.
1064 1240 1357 1275 Secumlarum.
1384 1249 1491 1274 vero.
1538 1239 1771 1283 Antequam
1793 1238 1977 1274 assumat
1998 1251 2030 1275 15

317 1309 367 1343 de
394 1307 689 1353 propositione,
722 1306 836 1351 ponit
863 1306 1055 1350 exempla
1087 1305 1291 1349 quaedam
1329 1304 1380 1340 de
1420 1304 1498 1345 illa,
1539 1304 1766 1339 ostendens
1807 1302 1976 1343 scilicet,

317 1383 423 1418 quae
452 1372 709 1408 substantiae
742 1371 1034 1416 praedicentur
1060 1370 1110 1405 de
1147 1369 1367 1405 individuis
1393 1370 1550 1404 tantum
1578 1368 1764 1409 diversis,
1792 1376 1898 1412 quae
1926 1366 1977 1402 de

317 1438 494 1474 diversis
522 1447 685 1482 quoque
714 1436 945 1481 speciebus.
995 1435 1043 1471 Et
1068 1436 1147 1471 hoc
1175 1436 1254 1471 est:
1291 1434 1455 1478 species
1489 1433 1791 1478 specialissima
1824 1432 1875 1468 de
1908 1441 1977 1467 nu-

317 1513 431 1539 mero
460 1503 733 1539 secundarum
757 1504 831 1537 etc.
882 1501 1092 1536 Siiniliter
1111 1502 1265 1535 autem.
1317 1498 1525 1544 Contingit
1545 1498 1586 1533 in
1608 1497 1852 1533 differentiis
1874 1496 1979 1533 sicut

318 1568 355 1603 in
392 1568 586 1604 secundis
623 1566 873 1606 substantiis,
902 1566 1011 1611 quod
1043 1565 1236 1600 videlicet
1269 1564 1473 1609 quaedam
1514 1562 1774 1599 differentiae
1818 1561 1978 1607 praedi·
1998 1573 2032 1598 ρο

320 1636 466 1668 03111111
493 1633 543 1668 de
571 1631 793 1667 individuis
821 1632 977 1666 tantum
1005 1631 1046 1666 et
1072 1640 1155 1666 non
1188 1629 1345 1665 scilicet
1371 1629 1548 1664 diversis
1585 1628 1816 1673 speciebus,
1856 1636 1979 1672 quae-

318 1698 412 1733 dam
439 1697 560 1732 etiam
597 1696 646 1732 de
680 1695 857 1731 diversis
894 1694 1125 1739 speciebus.
1177 1693 1393 1728 Rationem
1430 1701 1594 1737 quoque
1630 1692 1695 1727 hic
1730 1691 1903 1727 assumit
1939 1691 1980 1726 et

321 1763 432 1807 prius
461 1762 511 1797 de
539 1760 733 1796 secundis
762 1759 1003 1795 substantiis
1040 1759 1172 1799 docet,
1209 1758 1317 1802 quod
1353 1757 1530 1793 univoce
1567 1756 1859 1802 praedicantur
1894 1756 1979 1791 tam

322 1828 372 1862 de
400 1826 621 1871 speciebus
649 1825 806 1861 scilicet
832 1824 1124 1869 praedicantur
1152 1832 1274 1868 quam
1301 1822 1351 1858 de
1378 1822 1600 1858 individuis
1629 1831 1750 1866 quam
1778 1821 1829 1856 de
1856 1828 1980 1866 gene-

319 1892 441 1928 ribus.
493 1890 593 1926 Cum
619 1892 757 1926 autem
786 1890 957 1925 deberet
983 1897 1141 1934 ponere
1169 1887 1380 1929 ‚univoce‘‚
1417 1886 1533 1932 ponit
1568 1886 1866 1931 aequipollens,
1902 1885 1978 1921 sci·
1998 1895 2032 1920 25

319 1957 413 1992 licet
449 1955 696 2001 ‚praedicari
728 1955 894 1990 nomine
934 1956 974 1989 et
1006 1953 1191 1993 ratione‘,
1230 1952 1423 1988 videlicet
1462 1951 1733 1992 substantiae,
1773 1960 1865 1986 cum
1902 1949 1978 1985 ait:

319 2021 475 2066 primae
503 2019 762 2055 substantiae
790 2018 1017 2062 suscipiunt
1042 2017 1083 2052 in
1110 2016 1420 2061 praedicatione
1457 2015 1661 2051 rationem
1687 2023 1851 2059 quoque
1887 2022 1977 2059 spe-

320 2086 472 2122 cierum
501 2087 576 2120 etc.
628 2084 761 2120 Innuit
786 2093 861 2128 per
887 2083 984 2118 illud
1011 2091 1175 2127 quoque
1202 2080 1557 2126 praedicationem
1583 2079 1775 2125 specialis
1801 2078 1979 2115 nominis

321 2150 383 2185 vel
410 2148 630 2195 generalis.
683 2148 978 2190 Quaecwnque
1003 2146 1129 2181 0111111.
1180 2144 1292 2180 Dixit
1317 2153 1475 2190 genera
1501 2143 1624 2179 etiam
1659 2142 1893 2188 praedicari
1928 2141 1980 2178 de

320 2214 461 2259 primis
490 2213 743 2253 substantiis,
771 2212 919 2257 quibus
946 2213 1085 2247 tamen
1111 2209 1302 2255 proxima
1327 2218 1410 2245 non
1438 2210 1565 2244 erant.
1618 2207 1736 2248 Quod
1763 2207 1980 2243 confirmat
1999 2221 2034 2246 30

320 2289 345 2315 a
377 2281 462 2315 toto
497 2279 648 2318 dicens,
685 2277 794 2322 quod
834 2276 972 2312 omnia
1007 2285 1113 2320 quae
1149 2274 1441 2319 praedicantur
1477 2274 1528 2309 de
1563 2272 1815 2318 praedicato,
1852 2273 1893 2307 et
1928 2272 1980 2308 de

322 2344 520 2380 subiecto.
571 2343 689 2378 Unde
717 2351 874 2387 genera
900 2351 992 2377 cum
1019 2341 1070 2376 de
1098 2339 1319 2384 speciebus
1345 2339 1650 2383 praedicantur,
1687 2337 1852 2382 species
1879 2346 1979 2372 vero

323 2409 372 2444 de
389 2407 622 2447 individuis,
644 2408 807 2452 oportet
822 2408 863 2442 et
877 2414 1033 2451 genera
1049 2405 1099 2440 de
1126 2404 1359 2440 individuis.
1386 2403 1597 2439 Similiter
1616 2404 1771 2438 autem.
1798 2402 1982 2437 Alteram

287 2493 292 2503 ι
320 2476 478 2518 partem
501 2472 505 2517 1
530 2471 838 2517 assumptionis,
860 2480 965 2515 quae
986 2470 1173 2506 restabat
1188 2470 1238 2505 de
1261 2468 1517 2509 differentiis,
1540 2467 1649 2512 quod
1670 2467 1826 2503 scilicet
1844 2475 1982 2511 quem-

321 2537 541 2574 admodum
569 2537 780 2573 secundae
807 2535 1076 2576 substantiae,
1105 2544 1211 2579 quae
1244 2533 1536 2579 praedicantur
1571 2532 1638 2568 vel
1674 2532 1725 2568 de
1759 2530 1980 2567 individuis
2000 2542 2034 2567 35

324 2603 390 2638 vel
418 2604 469 2638 de
491 2602 724 2647 speciebus,
751 2601 1043 2646 praedicantur
1063 2599 1251 2640 univoce,
1272 2599 1329 2635 ita
1350 2598 1473 2634 etiam
1494 2596 1765 2638 differentiae,
1786 2596 1982 2641 <probat>

322 2678 413 2704 cum
434 2668 490 2704 ait
506 2669 557 2708 ,et
578 2667 804 2703 rationem.
848 2665 981 2701 Innuit
1002 2665 1125 2701 etiam
1147 2664 1197 2700 de
1218 2663 1395 2700 nomine.
1440 2663 1623 2698 Univoea
1644 2663 1799 2698 autem.
1843 2660 1981 2702 Quare

322 2737 445 2778 <pro>
491 2732 734 2778 ,praedicari
785 2731 972 2767 univoce*
1020 2730 1157 2775 posuit
1205 2727 1448 2774 ,praedicari
1487 2727 1654 2763 nomine
1706 2728 1746 2763 et
1795 2725 1981 2767 ratione‘,

322 2798 507 2844 assignat
532 2807 607 2843 per
633 2796 918 2833 definitionem
944 2795 1231 2831 univocorum:
1264 2794 1343 2830 hoc
1369 2793 1612 2829 tantundem
1638 2792 1749 2828 valet
1785 2792 1981 2837 quantum

323 2864 429 2899 illud.
482 2863 621 2906 Quare
648 2862 808 2898 omnia.
859 2861 933 2897 Hic
960 2861 1022 2896 est
1048 2858 1259 2896 conclusio
1280 2857 1501 2904 praemissi
1521 2856 1760 2902 syllogismi.
1811 2855 2036 2901 Supple140

324 2927 650 2972 praedicabilia,
679 2927 787 2971 quod
815 2926 892 2962 iam
923 2934 1050 2970 supra
1076 2922 1378 2960 determinavit.

466 3055 484 3085 5
512 3050 815 3094 assumptionem]
837 3051 1116 3084 affirmationem
1132 3050 1179 3089 A;
1204 3050 1246 3082 ef.
1262 3058 1294 3082 v.
1310 3050 1354 3081 34
1438 3049 1458 3081 6
1479 3050 1600 3081 autem
1621 3048 1690 3081 sibi
1706 3048 1737 3080 A
1815 3047 1857 3080 24
1874 3055 1983 3088 quam

324 3113 581 3153 praedicantur
606 3112 635 3145 A
