2200 3387
1877 268 1933 287 ,,..

534 269 563 300 2.
596 268 661 301 Die
695 267 850 300 (11055011
879 276 921 300 zu
951 268 1018 300 den
1052 268 1285 310 lx'ategorien.
1316 288 1354 290 -—v
1388 269 1437 301 1²0
1466 270 1657 310 oppositis.
1866 273 1927 303 Lat

262 367 353 401 runt
379 375 404 401 a
432 364 620 401 mediatis
649 364 866 401 contrariis
895 364 1005 401 circa
1039 375 1090 401 ea
1127 365 1315 402 subiecta
1352 366 1499 410 quibus
1538 367 1781 404 naturaliter
1817 367 1932 414 [non]

261 429 410 470 insunt,
440 432 481 466 ut
509 430 682 467 calidum
715 429 795 474 igni
825 429 1096 466 elementario
1126 440 1247 475 quem
1278 430 1478 470 videmus.
1507 433 1546 467 et
1577 432 1714 468 album
1744 433 1838 469 nivi.
1891 433 1931 469 In

261 505 311 532 eo
339 495 534 533 differunt
563 495 738 540 privatio
768 497 807 530 et
837 494 1001 530 habitus
1029 505 1054 531 a
1082 495 1273 531 mediatis
1311 496 1531 532 contrariis
1559 496 1668 542 quod
1706 497 1744 533 in
1783 498 1932 534 talibus

260 561 457 597 subiectis
485 570 652 606 semper
680 570 802 596 unum
839 562 1056 605 permanet
1085 562 1125 596 et
1161 560 1436 597 determinate
1472 571 1607 598 unum.
1645 562 1740 607 quia
1776 565 1931 599 certum

226 633 238 655 ’τ
261 629 324 662 est
352 626 526 663 calidum
556 626 696 662 inesse
725 625 805 671 igni
835 627 875 661 et
902 625 1037 661 album
1068 625 1162 661 nivi.
1215 625 1333 662 Unde
1363 626 1538 671 privatio
1576 627 1616 662 et
1649 627 1813 663 habitus
1852 638 1931 664 non

206 958 238 983 10

204 1947 239 1973 25

204 2274 240 2300 30

207 2600 242 2625 :35

209 2926 243 2951 ⁴0

260 700 437 737 semper.
467 694 507 727 ut
535 691 725 731 diximus,
755 691 862 727 inest
891 692 931 727 et
958 700 1049 726 cum
1072 690 1236 727 habitus
1264 691 1369 729 insit.
1399 693 1537 736 potest
1559 693 1832 737 supervenire
1858 693 1934 738 pri-

259 757 382 797 vatio.
411 766 488 794 nec
517 757 640 793 etiam
669 756 835 801 quando
863 756 1038 792 alterum
1067 757 1225 792 eertum
1249 758 1313 792 est
1340 756 1494 795 inesse.
1523 756 1840 794 determinatum
1871 761 1935 794 est

259 832 312 858 ex
341 824 488 859 natura
516 822 586 861 rei.
615 822 710 867 quid
740 831 882 858 eorum
912 821 1017 857 insit.
1071 821 1112 858 Si
1140 821 1249 858 enim
1277 822 1494 858 absentem
1524 822 1702 859 catulum
1728 823 1853 859 seiam
1881 823 1933 860 ad

260 897 413 924 nonum
442 887 548 924 diem
586 886 841 932 pervenisse.
877 887 962 923 scio
993 896 1044 923 ex
1074 887 1161 932 ipsa
1198 896 1333 923 rerum
1369 889 1518 923 natura
1554 888 1618 924 vel
1658 888 1931 933 privationem

261 953 325 989 vel
354 953 535 989 habitum
565 953 767 995 <inesse>.
802 953 875 989 sed
906 962 988 988 non
1018 953 1306 991 determinate.
1335 953 1429 998 quid
1471 953 1578 989 insit.
1632 953 1855 991 Praeterea
1882 955 1932 990 ad

260 1017 442 1054 ultimum
472 1018 577 1054 lianc
606 1018 794 1064 assignat
828 1018 1103 1054 differentiam
1142 1018 1248 1054 inter
1286 1018 1560 1063 privationem
1599 1020 1639 1055 et
1676 1019 1854 1056 habitum
1895 1021 1935 1056 et

258 1083 470 1129 quaelibet
497 1083 707 1120 contraria
735 1085 816 1120 tam
846 1083 1027 1120 mediata
1055 1093 1178 1129 quam
1206 1084 1456 1124 immediata,
1485 1084 1552 1120 ubi
1580 1084 1824 1120 naturaliter
1851 1094 1933 1121 non

259 1150 364 1189 sunt,
393 1149 502 1194 quod
531 1149 728 1186 videlicet
758 1149 967 1186 contraria
994 1158 1076 1185 non
1104 1149 1310 1186 naturalia
1337 1151 1477 1186 mutuo
1500 1159 1597 1186 sese
1620 1150 1820 1196 subsequi
1842 1160 1935 1196 pos-

259 1216 354 1251 sunt
381 1214 421 1251 in
450 1214 597 1251 eodem
628 1215 827 1252 subiecto.
856 1215 1030 1260 privatio
1069 1224 1168 1251 vero
1205 1214 1386 1251 habitum
1429 1215 1538 1251 nullo
1576 1216 1698 1252 modo
1736 1216 1935 1261 subsequi

222 1291 238 1308 ³
261 1281 408 1325 potest.
462 1280 543 1317 Has
577 1282 716 1316 autem
754 1280 1011 1316 differentias
1049 1290 1124 1325 per
1160 1280 1323 1326 singula
1359 1290 1630 1326 prosequens,
1672 1281 1783 1326 prius
1821 1281 1937 1326 ponit

260 1346 562 1382 contrariorum
591 1346 871 1391 proprietates
901 1348 941 1382 et
978 1348 1123 1391 postea
1152 1347 1342 1383 removet
1370 1346 1555 1392 singulas
1583 1356 1607 1382 a
1636 1347 1867 1391 privatione
1897 1348 1937 1383 et

261 1411 410 1450 habitu.
447 1411 650 1457 incipiens
677 1412 728 1448 ab
758 1412 825 1448 illa
853 1421 959 1457 quae
988 1414 1051 1448 est
1079 1411 1413 1448 immediatorum
1443 1412 1755 1449 contrariorum,
1793 1412 1936 1449 dicens

261 1486 402 1513 eorum
432 1477 734 1514 contrariorum
762 1487 934 1522 quorum
966 1477 1062 1513 nihil
1092 1480 1156 1513 est
1183 1477 1374 1514 medium.
1404 1487 1583 1514 necesse
1613 1479 1676 1514 est
1703 1479 1791 1518 etc,
1829 1487 1935 1523 quae

261 1542 494 1588 proprietas
522 1542 777 1588 superius¹
809 1542 1004 1588 exposita
1031 1545 1095 1579 est
1123 1543 1161 1578 in
1191 1544 1367 1579 tractatu
1402 1543 1715 1579 contrariorum.
1767 1543 1933 1579 Horum

204 1617 219 1642 2
259 1608 384 1644 enfin.
438 1607 546 1645 Vere
574 1608 678 1645 haec
712 1608 947 1654 proprietas
985 1609 1049 1645 est
1086 1608 1429 1649 immediatorum,
1468 1608 1563 1654 quia
1599 1609 1704 1645 haec
1743 1608 1936 1654 superius

259 1673 564 1719 assignabatur.
620 1674 681 1710 Ab
710 1674 861 1711 effectu
890 1674 955 1710 vel
982 1674 1034 1710 ab
1063 1674 1321 1711 auctoritate.
1375 1674 1579 1718 Quorum.
1631 1674 1728 1711 Post
1755 1674 1937 1720 proprie—

259 1741 386 1776 tatem
408 1739 738 1776 immediatorum
765 1740 1066 1776 contrariorum
1090 1740 1286 1786 supponit
1307 1740 1593 1777 mediatorum.
1646 1740 1786 1781 Neque
1809 1741 1935 1777 enim.

261 1804 368 1841 Vere
398 1804 453 1841 ita
481 1808 543 1841 est
571 1805 611 1841 in
641 1805 859 1841 contrariis
888 1805 1091 1847 mediatis,
1119 1806 1228 1851 quod
1252 1805 1411 1842 scilicet
1435 1815 1519 1842 non
1542 1807 1605 1842 est
1632 1814 1810 1842 necesse
1838 1806 1936 1842 alte-

260 1880 348 1907 rum
376 1870 536 1907 illorum
564 1870 705 1907 inesse
739 1872 782 1907 ut
816 1880 891 1907 suo
930 1870 1187 1916 susceptibili
1223 1870 1403 1916 proprio.
1442 1870 1538 1916 quia
1574 1871 1631 1907 ita
1667 1872 1731 1907 est
1766 1871 1806 1907 in
1835 1871 1935 1907 istis.

260 1936 437 1973 candido
475 1938 516 1973 et
552 1936 669 1983 nigro
698 1938 773 1972 etc.
826 1936 859 1972 A
895 1936 1093 1982 partibus.
1147 1936 1324 1972 Horum.
1379 1936 1486 1973 Vere
1527 1946 1610 1973 non
1650 1946 1830 1973 necesse
1872 1939 1936 1974 est

258 2001 432 2037 alterum
471 2000 622 2037 inesse.
661 2001 757 2046 quia
786 2001 938 2036 liabent
974 2000 1166 2037 medium.
1204 2000 1266 2037 Ab
1301 2000 1516 2046 oppositis.
1576 2001 1739 2037 Horum
1780 2002 1935 2037 aulem.

258 2065 373 2103 Bene
402 2066 505 2103 dico.
534 2066 630 2112 quia
658 2066 932 2103 mediatorum
959 2075 1043 2102 non
1066 2068 1130 2102 est
1152 2066 1438 2103 necessarium
1461 2067 1636 2103 alterum
1658 2066 1812 2103 inesse,
1841 2066 1936 2111 quia

259 2131 316 2168 ita
343 2133 406 2168 est
434 2131 626 2177 superius
655 2133 882 2168 ostensum.
935 2131 996 2167 Ab
1025 2130 1178 2168 effectu
1203 2131 1268 2168 vel
1297 2132 1348 2167 ab
1376 2131 1634 2168 auctoritate.
1687 2130 1734 2167 Et
1755 2131 1832 2167 hoc
1855 2132 1935 2167 est:

260 2197 427 2233 Horum
455 2198 570 2234 enim
597 2200 687 2233 era!
714 2197 916 2242 superins
943 2197 1115 2242 αΙίιμιὶιΙ
1143 2197 1344 2238 medium,
1380 2197 1459 2233 hoc
1494 2197 1558 2233 est
1591 2196 1938 2233 describebantur

259 2261 452 2307 superius
481 2261 677 2298 mediata:
717 2272 903 2307 quorum
932 2263 1008 2298 ete.
1063 2261 1231 2297 Praeter
1263 2261 1428 2302 (letibus.
1480 2261 1569 2297 Non
1598 2262 1662 2297 est
1689 2260 1936 2297 determina—

260 2329 356 2367 tum.
383 2326 563 2373 inquam.
599 2336 651 2363 ex
679 2329 827 2363 natura
860 2326 1037 2363 subiecti
1077 2327 1208 2363 inesse
1243 2327 1427 2363 (illerum
1467 2327 1592 2363 rebus
1634 2326 1697 2362 sui
1737 2325 1937 2371 suseepti-

260 2392 409 2429 bilibus
436 2395 602 2438 praeter
630 2392 718 2429 illis.
757 2392 835 2429 1100
869 2394 933 2429 est
962 2392 1040 2428 nisi
1079 2392 1156 2428 illis
1194 2393 1318 2429 rebus
1347 2392 1495 2438 quibus
1530 2392 1774 2428 naturaliter
1811 2401 1935 2427 unum

261 2457 312 2494 de
341 2457 487 2494 mediis
516 2458 733 2494 contrariis
763 2458 882 2494 inest.

404 2522 451 2559 Et
476 2523 698 2561 attende.
727 2523 836 2569 quod
865 2523 970 2560 sicut
1003 2533 1130 2560 voces
1165 2523 1398 2560 contrarias
1436 2523 1609 2560 dicimus
1646 2524 1844 2568 quantum
1883 2521 1934 2558 ad

262 2588 623 2635 significationem.
652 2589 707 2625 ita
735 2589 858 2625 etiam
888 2589 1087 2628 subiecta.
1122 2591 1164 2625 ut
1197 2598 1359 2635 corpus,
1395 2589 1472 2625 hoc
1507 2598 1671 2626 nomen,
1709 2587 1935 2624 secundum

262 2653 609 2699 significationem
633 2653 898 2699 susceptibile
927 2654 1073 2690 dicitur
1100 2654 1245 2690 horum
1275 2653 1502 2690 nominum:
1534 2653 1626 2691 albi.
1656 2652 1770 2699 nigri.
1819 2652 1935 2692 Quod

261 2728 362 2755 vero
391 2718 447 2755 ait
474 2718 610 2765 Ignem
640 2719 883 2755 naturaliter
911 2728 1007 2756 esse
1036 2719 1212 2755 calidum
1242 2719 1307 2755 vel
1341 2719 1478 2755 nivem
1517 2719 1664 2755 albam.
1702 2718 1756 2753 ita
1793 2717 1936 2762 accipe

263 2783 545 2820 naturaliter:
574 2783 683 2829 quod
712 2793 765 2820 ex
794 2785 941 2820 natura
969 2784 1028 2820 rei
1057 2784 1271 2820 definitum
1301 2786 1365 2820 est
1387 2784 1446 2820 sic
1467 2793 1575 2821 esse.
1598 2783 1662 2819 vel
1685 2783 1741 2818 ita
1763 2784 1937 2822 ‚natura-

262 2849 383 2885 liter·:
421 2848 531 2894 quod
569 2849 759 2885 omnibus
788 2849 907 2886 inest.
959 2849 1136 2885 Tribus
1174 2849 1281 2885 enim
1312 2849 1444 2885 modis
1471 2848 1660 2885 naturale
1689 2847 1792 2883 sumi
1821 2847 1935 2883 solet.

263 2914 372 2960 quod
402 2914 559 2951 scilicet
587 2916 733 2951 natura
761 2914 893 2951 docet.
922 2917 963 2950 ut
991 2914 1138 2952 ridere.
1167 2914 1280 2950 flere.
1309 2914 1374 2950 vel
1396 2914 1505 2959 quod
1533 2923 1557 2949 a
1579 2913 1794 2949 nativitate
1818 2912 1936 2949 inest.

406 3068 490 3104 &10
513 3065 614 3108 quid]
637 3067 732 3108 quod
749 3067 774 3100 A
854 3068 896 3100 29
911 3066 1047 3107 aliquid
1063 3065 1234 3105 medium]
1257 3067 1409 3099 alterum
1426 3066 1581 3099 medium
1604 3065 1629 3098 Α
1721 3066 1761 3097 31
1781 3065 1892 3105 inqua
1907 3065 1933 3096 Λ

406 3143 414 3165 ¹
445 3144 592 3177 Boeth.
621 3144 642 3176 1.
671 3154 709 3179 r..
739 3153 771 3185 p.
801 3144 868 3177 266
896 3144 932 3177 C.
