2200 3387
328 246 396 280 140
729 247 834 279 Peter
861 240 1064 279 Abaelards
1092 246 1227 287 Logica
1253 244 1576 287 ,Ingredientibus‘.

324 345 487 389 species
516 343 750 388 reperiebat
783 345 823 379 et
858 342 1115 379 differentias
1152 343 1190 377 in
1228 343 1448 387 speciebus
1486 341 1743 377 substantiae
1780 341 1984 378 contineri

325 408 501 444 videbat.
529 417 632 452 quas
660 407 756 443 alibi
784 416 984 451 negamus
1013 415 1120 445 esse,
1155 406 1333 450 ideoque
1363 405 1473 441 circa
1499 406 1577 441 hoc
1603 405 1984 450 praedicamentum

324 473 522 508 maiorem
550 482 696 508 vocum
725 472 951 507 doctrinam
986 472 1125 507 facere
1159 472 1331 515 poterat.
1384 469 1465 506 Sed
1492 470 1687 514 quoniam
1714 470 1792 505 hoc
1819 469 1985 505 nomine

325 537 553 573 substantia
581 537 620 572 in
649 536 825 572 diversis
859 535 1232 581 significationibus
1268 544 1416 570 usurus
1452 536 1524 575 est,
1560 543 1719 570 rerum
1758 534 1914 570 scilicet
1947 535 1988 570 et

326 612 513 639 vocum.
555 602 692 637 varias
733 601 822 637 eius
861 601 1190 646 significationes
1231 600 1540 645 distinguamus.
1604 599 1737 635 Habet
1769 600 1907 635 autem
1945 598 2023 635 in5

326 668 474 702 rebus
519 667 639 702 duas
686 667 910 702 consuetas
961 665 1397 710 significationes,
1449 664 1545 709 quia
1584 664 1724 700 modo
1764 673 1837 708 pro
1877 663 1988 699 omni

327 732 511 768 essentia
538 731 711 767 sumitur
737 731 852 766 iuxta
879 730 975 766 illud
996 730 1280 765 Prisciani1:
1310 729 1568 773 ¹Significans
1596 729 1869 765 substantiam
1896 737 1987 764 cum

327 797 547 841 qualitate,
585 796 724 831 modo
766 805 838 840 pro
872 795 950 831 illis
984 797 1140 831 tantum
1175 794 1368 830 essentiis
1405 803 1511 838 quae
1551 803 1625 839 per
1663 803 1709 829 se
1749 793 1988 834 subsistunt,

327 861 425 896 nulli
461 861 617 897 scilicet
654 861 866 896 subiectae
910 860 1111 895 materiae
1147 859 1426 895 adhaerentes
1463 860 1505 894 ut
1538 858 1695 894 formae
1732 867 1885 894 eorum.
1941 857 1990 894 Et

328 926 367 961 in
395 926 472 962 hac
500 926 663 971 quidem
694 925 878 961 secunda
906 925 1210 970 significatione
1239 925 1455 968 acceptum
1476 923 1836 969 generalissimum
1858 924 1922 959 est
1948 923 1989 959 et
2011 929 2044 953 κ)

328 991 452 1026 habet
479 991 602 1026 talem
630 990 971 1035 descriptionem:
1009 989 1242 1025 substantia
1279 990 1343 1024 est
1380 989 1419 1024 id
1455 989 1564 1033 quod
1600 997 1675 1033 per
1710 997 1756 1024 se
1792 987 1989 1024 subsistit.

327 1056 404 1091 Per
429 1055 702 1091 remotionem
730 1055 902 1091 aliorum
931 1054 1363 1099 praedicamentorum
1398 1054 1577 1090 describi
1603 1055 1742 1098 potest
1769 1053 1845 1089 sic:
1891 1052 1990 1089 Sub-

329 1120 481 1156 stantia
509 1121 573 1155 est
600 1119 639 1155 id
667 1120 776 1164 quod
804 1128 940 1164 neque
969 1121 1033 1155 est
1060 1119 1268 1163 quantitas
1296 1127 1431 1163 neque
1460 1118 1635 1163 qualitas
1656 1119 1731 1154 etc.
1783 1118 1991 1163 Accipitur

328 1194 493 1229 quoque
521 1185 599 1220 hoc
626 1194 777 1220 nomen
806 1184 1039 1220 substantia
1064 1184 1105 1219 in
1139 1183 1426 1229 designatione
1464 1183 1713 1218 nominum
1749 1184 1831 1218 tam
1867 1191 1990 1228 gene-

328 1250 472 1286 ralium
501 1259 622 1294 quam
657 1249 896 1294 specialium
931 1258 1054 1293 quam
1088 1248 1367 1293 singularium,
1408 1256 1514 1292 quae
1554 1247 1712 1283 scilicet
1749 1247 1859 1292 ipsas
1897 1247 2043 1283 sub-¹5

328 1315 504 1351 stantias
531 1315 571 1350 in
593 1314 780 1350 essentia
800 1313 1048 1359 significant.
1100 1312 1335 1349 Secundum
1357 1322 1479 1357 quam
1501 1312 1666 1356 quidem
1687 1312 1849 1348 tertiam
1869 1311 1992 1357 signi-

329 1380 564 1416 ficationem
582 1379 763 1415 dicturus
781 1381 845 1415 est
857 1379 1057 1423 quasdam
1074 1378 1206 1423 magis
1223 1387 1318 1414 esse
1334 1377 1600 1418 substantias,
1616 1376 1817 1422 quasdam
1831 1376 1992 1412 minus2

330 1447 370 1480 et
396 1445 492 1480 illud
519 1445 627 1489 quod
656 1444 788 1480 omnis
814 1443 1045 1479 substantia
1066 1443 1227 1479 videtur
1245 1443 1324 1478 hoc
1345 1442 1497 1487 aliquid
1519 1441 1754 1487 significare
1769 1443 1794 1483 3,
1822 1441 1931 1486 quod
1950 1441 1992 1476 in

330 1509 470 1554 primis
499 1510 661 1554 quidem
691 1509 932 1545 substantiis
959 1508 1228 1544 indubitabile
1251 1509 1291 1544 et
1311 1517 1454 1543 verum
1477 1508 1549 1543 est.
1600 1506 1647 1542 Et
1667 1507 1708 1542 in
1728 1507 1806 1542 hac
1828 1506 1992 1551 quidem

331 1575 473 1610 ultima
500 1574 803 1619 significatione
832 1575 1037 1618 sumptum
1066 1574 1129 1609 est
1155 1573 1234 1608 hoc
1261 1582 1413 1608 nomen
1435 1571 1667 1607 substantia
1687 1581 1712 1607 a
1733 1570 2046 1607 substantialia>

330 1639 633 1685 significatione
661 1638 930 1677 substantiae,
965 1638 1190 1674 secundum
1221 1637 1376 1673 scilicet
1409 1637 1647 1682 generalem
1674 1637 1741 1672 vel
1768 1635 1992 1681 specialem

330 1694 510 1740 statum
539 1705 602 1739 vel
632 1704 894 1749 singularem.
946 1703 988 1738 In
1017 1712 1099 1747 qua
1126 1702 1249 1738 etiam
1278 1701 1581 1747 significatione
1609 1701 1807 1746 accipitur
1838 1701 1879 1736 in
1914 1701 1993 1736 hac

330 1769 551 1805 divisione:
589 1769 819 1805 substantia
858 1768 939 1804 alia
975 1768 1117 1813 prima.
1155 1768 1237 1803 alia
1276 1767 1470 1807 secunda,
1506 1767 1585 1802 hoc
1621 1768 1685 1802 est
1721 1765 1992 1802 substantiale

331 1844 482 1870 nomen
510 1834 768 1869 substantiae
796 1833 906 1869 aliud
934 1834 998 1869 est
1018 1832 1277 1877 particulare,
1306 1831 1415 1868 aliud
1437 1831 1686 1867 universale.
1736 1830 1794 1866 Ea
1814 1838 1992 1874 namque

332 1909 438 1944 quae
465 1899 729 1944 particularia
757 1900 861 1938 sunt,
888 1898 1061 1943 primam
1089 1899 1130 1933 01
1162 1897 1431 1942 principalem
1459 1895 1811 1942 significationem
1838 1895 1991 1931 tenent.
2013 1902 2046 1928 25

333 1963 495 2004 Quanto
524 1964 633 2000 enim
662 1963 974 2000 determinatius
1000 1972 1088 1998 rem
1115 1963 1341 1998 subiectam
1370 1962 1594 2001 nominant,
1630 1963 1745 1997 tanto
1773 1960 1919 1996 melius
1953 1960 1994 1995 et

333 2029 485 2064 certius
513 2038 605 2064 eam
633 2028 879 2074 significant.
908 2028 1135 2064 secundum
1165 2028 1272 2071 quod
1300 2027 1340 2062 in
1374 2027 1645 2072 sequentibus
1681 2026 1863 2062 dicturus
1903 2026 1994 2060 est4

333 2094 496 2139 species
533 2093 790 2129 substantiae
829 2092 961 2138 magis
1001 2102 1096 2128 esse
1133 2092 1388 2128 substantias
1425 2101 1546 2136 quam
1583 2101 1660 2127 sua
1695 2099 1862 2136 genera,
1899 2090 1995 2135 quia

334 2158 491 2194 scilicet
517 2157 759 2193 familiarius
787 2158 828 2192 et
855 2156 1168 2193 determinatius
1202 2164 1270 2191 res
1304 2155 1513 2191 subiectas
1546 2155 1766 2200 appellant.
1816 2154 1995 2190 Particu-

333 2223 437 2258 laria
464 2232 564 2258 vero
592 2222 770 2261 nomina,
799 2231 905 2267 quae
933 2221 1096 2257 unicam
1130 2222 1284 2257 habent
1320 2220 1677 2266 significationem,
1713 2229 1799 2255 rem
1827 2219 1993 2260 omnino
2013 2227 2048 2252 30

334 2287 565 2323 certificant
579 2288 703 2332 atque
724 2286 995 2331 principalem
1016 2287 1057 2322 et
1078 2286 1305 2331 digniorem
1328 2286 1492 2321 modum
1515 2284 1809 2320 nominationis
1830 2285 1994 2325 habent,

335 2352 588 2388 universalia
614 2361 715 2387 vero
743 2351 1046 2387 secundarium.
1098 2350 1216 2386 Unde
1245 2351 1366 2386 etiam
1395 2350 1503 2386 dicet
1516 2352 1541 2391 5,
1578 2350 1687 2394 quod
1722 2349 1868 2385 merito
1903 2349 1996 2394 post

335 2417 584 2462 principales
611 2416 873 2452 substantias·
894 2417 983 2452 sola
1009 2415 1182 2451 aliorum
1210 2415 1374 2460 species
1403 2417 1444 2451 et
1470 2424 1626 2460 genera
1659 2414 1870 2450 secundae
1904 2413 1996 2449 sub-

336 2482 514 2518 stantiae
542 2482 741 2517 dicuntur.
793 2481 906 2517 Haec
933 2481 1041 2517 enim
1070 2481 1159 2516 sola
1195 2480 1378 2516 indicant
1413 2479 1683 2525 principalem
1721 2478 1995 2515 substantiam

336 2556 478 2582 eorum
507 2554 613 2590 quae
641 2545 944 2590 praedicantur,
973 2554 1022 2580 ac
1050 2545 1084 2580 si
1112 2546 1256 2589 aperte
1285 2544 1458 2580 diceret:
1496 2553 1586 2580 cum
1624 2543 1891 2588 particularia
1925 2552 1995 2578 no·
2015 2550 2049 2575 35

336 2610 446 2646 mina
472 2610 628 2654 primae
657 2609 844 2645 dicantur
871 2609 1130 2644 substantiae
1159 2618 1212 2644 ex
1245 2608 1376 2653 primo
1405 2610 1445 2644 et
1477 2607 1693 2653 principali
1719 2607 1842 2643 modo
1869 2606 1996 2642 nomi-

336 2674 527 2711 nationis.
564 2674 817 2710 universalia
852 2673 998 2709 merito
1034 2673 1223 2709 dicuntur
1256 2673 1466 2709 secundae
1500 2682 1554 2708 ex
1590 2671 1837 2708 secundario
1873 2671 1995 2707 modo

337 2739 641 2775 nominationis.

480 2803 681 2844 Quidam
709 2806 847 2839 autem
874 2804 980 2839 hanc
1008 2802 1254 2839 divisionem
1288 2811 1363 2847 per
1395 2802 1547 2847 primas
1584 2803 1624 2838 et
1660 2801 1867 2838 secundas
1903 2800 1995 2836 sub-

337 2867 510 2903 stantias
537 2867 588 2903 de
615 2868 765 2903 rebus
793 2867 924 2911 primo
952 2867 1042 2902 loco
1076 2866 1241 2905 faciunt,
1280 2866 1317 2901 hi
1351 2865 1543 2901 videlicet
1579 2865 1659 2910 qui
1695 2874 1775 2901 res
1811 2864 1995 2910 princi·
2015 2874 2050 2899 40

482 2965 522 2996 18
551 2963 661 3005 quod]
690 2974 720 2997 a.
753 2965 778 2995 A
904 2965 945 2996 19
973 2964 1007 2995 in
1035 2963 1243 2995 dubItabilis
1271 2963 1299 2994 Α
1401 2964 1444 2995 28
1472 2964 1590 3004 magis
1618 2971 1701 2995 esse
1729 2963 1786 2995 bis
1810 2963 1852 2995 in
1877 2962 1906 2994 A

480 3028 489 3049 ¹
520 3029 652 3061 Prisc.
682 3029 703 3060 l.
731 3038 759 3060 c.
786 3029 808 3066 I,
839 3027 916 3060 55⁶.

480 3080 494 3102 ²
520 3082 679 3118 Boeth.,
709 3081 752 3113 In
781 3081 902 3121 Catey.
932 3081 953 3113 l.
982 3090 1021 3119 0.,
1049 3090 1082 3120 p.
1116 3080 1181 3112 186
1197 3080 1234 3112 B.
1332 3080 1346 3101 ³
1372 3081 1521 3112 Boeth.
1550 3081 1572 3113 l.
1600 3089 1638 3112 0..
1667 3089 1701 3120 p.
1731 3080 1796 3112 194
1811 3080 1848 3111 B.

479 3134 492 3154 ⁴
520 3134 666 3166 Boeth.
697 3134 717 3165 l.
747 3143 784 3170 c..
814 3143 846 3173 p.
878 3135 942 3166 186
958 3134 994 3165 B.
1093 3132 1108 3154 ⁵
1134 3133 1282 3165 Boeth.
1313 3133 1334 3165 l.
1363 3142 1401 3171 0.,
1430 3142 1462 3173 p.
1494 3133 1558 3165 188
1574 3132 1611 3165 C.
