2200 3387
385 247 453 281 298
784 249 892 281 Peter
917 248 1123 280 Abaelards
1150 248 1286 289 Logica
1313 248 1638 289 ,Ingredientibus‘.

381 345 587 390 corrupt10
616 345 771 382 dicitur.
800 346 958 380 tantum
986 344 1025 380 in
1048 344 1441 389 posterioribus,
1469 353 1550 379 non
1573 344 1612 380 in
1633 344 1889 390 prioribus
1911 354 2048 381 crea-

381 410 594 445 tionibus
640 409 850 453 contingit.
915 409 1118 445 Priores
1158 409 1322 454 quidem
1363 409 1657 445 creationes
1703 410 1932 446 secundum
1970 410 2048 446 hoc

380 474 615 519 accipimus.
644 474 753 519 quod
781 483 871 509 cum
900 473 1012 519 prius
1041 474 1207 510 omnino
1241 483 1323 509 non
1352 474 1476 514 esset,
1513 473 1565 510 ad
1602 483 1697 510 esse
1734 474 1937 519 perducta
1973 475 2047 518 est,

382 538 509 573 veluti
538 538 576 573 in
614 538 681 574 illa
714 537 912 573 ineffabili
946 537 1159 573 creatione
1194 547 1276 582 qua
1315 547 1498 573 summus
1538 537 1604 574 ille
1644 537 1794 574 artifex
1832 537 2048 574 materiam

383 603 514 648 ipsam
543 612 774 648 corporum.
803 612 893 638 cum
922 603 975 638 nil
998 603 1132 638 adhuc
1153 602 1320 638 omnino
1342 602 1433 647 ipsa
1455 604 1579 643 esset,
1607 602 1874 639 ineffabiliter
1890 602 2047 639 creavit
2066 609 2082 634 5

383 677 436 703 ex
473 668 617 709 nihilo;
655 677 727 704 eas
756 677 855 703 vero
893 667 1127 703 creationes
1164 667 1390 703 secundum
1425 677 1528 712 quas
1565 667 1780 703 materiam
1816 667 1897 703 iam
1933 676 2050 712 prae-

383 734 570 776 paratam
599 741 673 776 per
700 732 854 767 formas
883 731 1229 776 supervenientes
1257 730 1297 766 in
1322 730 1486 775 species
1510 730 1699 767 diversas
1721 731 1869 767 natura
1888 730 2048 776 redigit,

383 797 700 841 posteriores
729 796 995 841 appellamus,
1025 796 1151 832 veluti
1179 805 1271 831 cum
1299 805 1543 841 corpoream
1571 795 1846 832 substantiam
1873 797 1942 831 aut
1976 805 2050 841 per

383 861 680 897 animationem
707 860 805 896 facit
827 861 1049 896 animatam
1072 862 1141 896 aut
1162 870 1236 905 per
1257 861 1569 897 sensualitatem
1592 860 1740 896 animal
1765 861 1835 896 aut
1854 869 1930 905 per
1945 859 2048 896 alias

382 926 536 962 formas
564 926 603 961 in
632 935 913 970 quascumque
948 926 1111 970 species
1139 925 1329 967 variaret,
1357 927 1400 961 ut
1426 925 1465 961 in
1494 925 1704 967 <asinum>
1731 926 1797 961 vel
1824 925 2044 961 hominem.
2068 933 2100 958 10

384 991 426 1026 In
464 991 526 1026 his
555 1000 655 1026 vero
694 990 994 1035 posterioribus
1032 990 1310 1026 creationibus
1346 992 1482 1026 motus
1519 1000 1615 1026 esse
1652 992 1801 1036 potest,
1829 990 1925 1035 quia
1958 991 2051 1026 sub-

385 1056 533 1091 iectam
563 1065 731 1100 semper
763 1056 888 1091 habet
923 1055 1195 1091 substantiam
1224 1065 1305 1100 qua
1340 1055 1413 1091 niti
1447 1055 1589 1100 possit.
1641 1055 1683 1091 ln
1717 1055 1922 1100 prioribus
1948 1064 2050 1091 vero

387 1119 666 1155 creationibus
695 1128 785 1154 cum
814 1119 948 1154 adhuc
970 1118 1138 1154 omnino
1166 1128 1233 1154 res
1262 1128 1344 1154 non
1373 1120 1526 1159 essent,
1554 1128 1636 1154 non
1658 1119 1783 1155 habet
1809 1121 1956 1161 motus,
1983 1119 2051 1155 ubi

386 1183 595 1221 subsistat.
624 1184 729 1219 sicut
755 1184 795 1219 in
823 1183 1125 1228 posterioribus
1158 1184 1295 1224 habet,
1323 1193 1429 1228 quae
1458 1183 1621 1228 quidem
1648 1185 1806 1219 tantum
1833 1193 2051 1229 corporum

383 1258 479 1285 esse
518 1249 722 1289 videntur,
760 1258 843 1284 non
872 1248 1087 1293 spirituum
1115 1248 1180 1284 vel
1207 1248 1493 1284 accidentium.
1550 1248 1767 1293 Nunquam
1803 1248 1911 1284 enim
1947 1249 2105 1285 haec15

388 1314 526 1350 anima
554 1314 666 1358 prius
695 1313 859 1359 species
886 1313 971 1353 fuit,
1000 1323 1121 1358 quam
1155 1313 1247 1358 ipsa
1273 1313 1349 1348 fuit
1385 1313 1523 1349 anima
1549 1313 1614 1348 vel
1651 1314 1755 1349 haec
1791 1313 1939 1355 anima,
1975 1323 2053 1350 nec

388 1379 493 1415 haec
520 1379 670 1414 albedo
698 1378 810 1423 prius
838 1378 1013 1423 qualitas
1039 1377 1113 1413 fuit
1140 1378 1205 1413 vel
1233 1378 1397 1422 aliquid,
1425 1387 1547 1422 quam
1579 1377 1653 1414 fuit
1679 1378 1828 1414 albedo
1853 1378 1921 1414 vel
1947 1378 2053 1415 haec

389 1443 510 1480 etiam
540 1444 701 1485 albedo,
729 1444 801 1479 sed
830 1443 949 1479 simul
976 1443 1045 1479 ubi
1073 1443 1223 1484 existit,
1252 1452 1416 1479 omnem
1445 1452 1546 1479 suae
1573 1444 1763 1479 naturam
1794 1443 2052 1480 substantiae

390 1509 543 1544 habuit.
596 1508 781 1553 Corpora
807 1517 910 1544 vero
937 1518 1019 1544 non
1047 1508 1114 1543 ita.
1166 1507 1326 1553 Quippe
1354 1508 1432 1544 hoc
1456 1517 1605 1553 corpus
1626 1507 1737 1553 prius
1758 1517 1908 1554 corpus
1930 1517 2052 1553 quam

382 1573 605 1609 animatum
635 1574 700 1609 vel
729 1573 879 1609 animal
906 1574 971 1609 vel
1000 1573 1134 1609 homo.
2067 1577 2102 1602 20

529 1636 577 1672 Et
602 1638 737 1676 nota,
765 1637 873 1681 quod
900 1637 1027 1672 multa
1054 1636 1360 1681 corruptionem
1380 1635 1591 1681 patiuntur
1612 1635 2052 1682 quaegenerationem

390 1711 473 1737 non
502 1702 730 1742 habuerint,
758 1704 802 1737 ut
828 1702 978 1738 albedo
1007 1701 1099 1746 ipsa
1125 1701 1191 1737 vel
1227 1701 1391 1737 animae
1426 1701 1630 1746 pecudum
1657 1710 1764 1746 quae
1800 1711 1892 1737 cum
1927 1711 2052 1738 carne

388 1767 626 1802 morluntur.
679 1767 781 1803 Dum
811 1767 919 1802 enim
948 1776 1098 1812 corpus
1125 1768 1400 1811 praeparatur
1426 1766 1478 1802 ad
1510 1766 1780 1812 nigredinem,
1813 1766 1854 1802 in
1880 1766 1972 1812 ipso
1999 1767 2053 1803 al-

386 1831 495 1867 bedo
525 1831 810 1876 corrumpitur,
840 1831 932 1866 dum
962 1830 1096 1866 adhuc
1122 1830 1163 1866 in
1191 1830 1281 1875 ipso
1310 1831 1384 1872 est,
1412 1829 1507 1874 quia
1525 1830 1577 1866 ad
1597 1839 1679 1866 non
1702 1838 1796 1866 esse
1816 1830 2054 1875 perducitur

386 1896 546 1935 albedo,
576 1897 615 1931 et
644 1896 737 1931 dum
764 1905 894 1940 pecus
915 1895 1096 1937 moritur,
1124 1895 1262 1931 anima
1282 1895 1411 1940 ipsius
1432 1905 1523 1931 cum
1543 1895 1634 1940 ipso
1656 1895 1940 1941 corrumpitur,
1957 1895 2052 1931 dum
2071 1901 2105 1927 25

390 1960 442 1996 ad
469 1970 551 1996 non
581 1970 674 1996 esse
702 1961 962 2006 pertrahitur.
1015 1960 1310 2005 Quaecumque
1339 1969 1438 2005 ergo
1466 1960 1659 2005 generari
1685 1961 1871 2005 possunt,
1899 1961 1940 1996 et
1965 1969 2052 1996 cor-

383 2025 526 2070 rumpi,
556 2026 629 2061 sed
657 2035 739 2061 non
767 2025 1031 2061 convertitur.
1714 2028 1717 2032 ’

525 2090 630 2126 Nota
657 2091 781 2126 etiam
808 2091 917 2135 quod
946 2090 1074 2125 solius
1102 2090 1179 2126 Dei
1205 2091 1270 2126 est
1296 2099 1511 2135 generare,
1546 2090 1586 2125 id
1613 2091 1677 2125 est
1705 2089 1947 2135 operatione
1975 2099 2051 2126 sua

384 2156 424 2191 in
454 2155 726 2191 substantiam
754 2164 1015 2200 promovere,
1044 2155 1153 2200 quod
1181 2156 1245 2191 est
1272 2164 1429 2190 creare.
1482 2155 1582 2191 Nam
1610 2154 1688 2190 etsi
1711 2164 1764 2190 ex
1785 2154 1895 2190 coitu
1921 2155 2050 2200 patris

386 2219 591 2263 quaedam
618 2219 752 2264 portio
781 2220 976 2263 separata
1004 2218 1056 2254 sit
1082 2227 1189 2263 quae
1216 2217 1416 2254 formetur
1443 2218 1483 2254 in
1510 2217 1729 2259 hominem,
1766 2220 1884 2263 patre
1911 2219 2051 2255 tamen
2070 2224 2105 2249 30

387 2284 580 2320 defuncto
609 2294 691 2319 non
720 2284 854 2319 minus
882 2286 1030 2319 natura
1057 2283 1198 2328 opifex
1220 2285 1416 2328 operatur
1435 2283 1475 2318 in
1497 2283 1727 2319 visceribus
1754 2283 1897 2319 matris
1918 2284 1968 2319 de
1994 2283 2051 2320 in-

383 2347 476 2383 fuso
505 2348 676 2389 semine,
704 2348 837 2392 ipsum
858 2347 1015 2383 scilicet
1034 2347 1251 2383 formando
1274 2348 1314 2383 et
1334 2346 1585 2383 vivificando
1607 2347 1648 2382 in
1668 2347 1888 2383 hominem.
1931 2347 2050 2384 Unde

386 2422 488 2457 puer
514 2413 604 2457 ipse
632 2422 713 2448 non
747 2412 925 2448 hominis
960 2422 1063 2457 opus
1098 2413 1172 2453 est,
1209 2412 1281 2448 sed
1318 2412 1504 2452 naturae,
1543 2411 1583 2447 id
1620 2412 1684 2447 est
1718 2411 1805 2453 Dei,
1840 2411 2051 2448 hominum

387 2479 524 2512 autem
548 2477 736 2521 operatio
759 2477 938 2513 alterare
960 2478 1116 2512 tantum
1138 2476 1354 2512 materiam
1375 2476 1540 2512 videtur
1560 2477 1786 2513 secundum
1808 2476 2050 2518 accidentia,

385 2541 510 2577 veluti
539 2542 632 2577 dum
663 2542 825 2577 domum
862 2541 1071 2586 componit
1097 2542 1163 2577 vel
1197 2541 1389 2586 gladium,
1425 2550 1509 2576 non
1543 2541 1666 2577 etiam
1702 2541 1743 2577 in
1779 2541 2050 2577 substantiam
2070 2547 2105 2573 35

386 2609 629 2652 generare1.
681 2606 823 2650 Neque
858 2606 964 2642 enim
994 2606 1154 2647 vitrum,
1183 2605 1291 2650 quod
1320 2605 1484 2650 species
1511 2605 1665 2642 metalli
1691 2605 1847 2647 dicitur,
1873 2605 2050 2642 hominis

386 2672 449 2707 est
481 2680 597 2716 opus,
636 2671 709 2706 sed
747 2672 932 2711 naturae,
961 2670 1058 2715 quia
1094 2670 1353 2715 praeparatis
1386 2670 1437 2706 ab
1473 2670 1639 2707 homine
1667 2679 1773 2716 quae
1809 2670 2052 2707 necessaria

386 2737 480 2771 sunt
507 2736 557 2771 ad
587 2735 841 2771 creationem
869 2735 963 2770 vitri
990 2735 1030 2770 in
1067 2734 1242 2771 materia
1274 2736 1525 2780 praeparata
1561 2745 1586 2771 a
1621 2735 1742 2771 nobis
1779 2735 1868 2771 sola
1903 2736 2051 2771 natura

386 2802 583 2845 operatur
609 2809 700 2836 cam
728 2800 768 2836 in
796 2800 943 2836 vitrum
973 2801 1235 2841 convertens,
1262 2800 1382 2836 nobis
1411 2809 1575 2845 quoque
1608 2799 1824 2845 physicam
1860 2799 2051 2846 ignoran-

386 2865 507 2901 tibus.
548 2865 588 2900 Si
613 2865 703 2910 quis
726 2867 863 2901 autem
885 2865 993 2901 dicat
1015 2874 1116 2901 aves
1139 2873 1302 2909 quoque
1321 2874 1466 2901 creare
1481 2865 1626 2910 pullos,
1643 2865 1749 2906 dum,
1764 2863 2048 2901 calefaciendo
2068 2873 2103 2898 40

387 2939 466 2966 ova
493 2930 670 2975 propria,
699 2940 750 2966 ea
776 2930 998 2971 vivificant,
1026 2930 1203 2975 ideoque
1231 2929 1363 2974 pullos
1391 2939 1521 2974 opera
1547 2929 1684 2966 avium
1720 2930 1852 2971 vocet,
1887 2928 2048 2965 fallitur.

528 3028 569 3060 10
592 3029 683 3069 post
716 3028 751 3060 in
787 3028 928 3060 lacuna
963 3028 1002 3060 in
1039 3028 1139 3065 cod.,·
1176 3027 1324 3060 videtur
1357 3027 1482 3059 deesse
1513 3027 1655 3059 asinum
1690 3028 1758 3059 aut
1791 3027 1866 3059 tale
1899 3025 2051 3067 aliquid

387 3087 429 3120 22
456 3087 625 3119 habuerit
651 3087 691 3119 A.

527 3156 536 3178 ¹
567 3158 618 3190 Cf.
645 3165 767 3199 supra
793 3166 827 3198 p.
856 3153 987 3196 232-4,
1015 3155 1129 3190 21523.
