2200 3387
528 228 558 261 2.
588 229 652 262 Die
680 229 835 261 (ilossen
866 238 907 260 zu
936 228 1005 261 den
1036 228 1271 267 Kategorien.
1376 227 1425 260 De
1455 228 1630 260 relativis.
1857 225 1918 259 221

246 327 450 363 vocabula
478 329 617 363 tamen
647 327 684 362 in
716 328 908 372 respectu
938 325 1203 362 conveniunt.
1233 326 1329 370 quia
1357 326 1531 361 alterum
1556 328 1731 361 vocatur
1755 325 1833 361 hoc
1856 334 1925 361 no-

246 393 355 429 mine
384 393 494 438 quod
523 395 587 429 est
615 392 850 437 oppositum
882 391 944 426 vel
975 394 1176 428 remotum
1208 394 1399 436 respectu
1430 391 1601 426 alterius
1623 393 1663 426 et
1692 401 1767 436 per
1788 391 1919 426 solam

246 457 433 493 vocabuli
476 456 825 501 nuncupationem
869 455 1104 500 oppositum
1147 455 1326 499 oppositi
1367 455 1514 490 dicitur
1555 456 1617 490 vel
1657 458 1858 490 remotum
1901 465 1924 490 a

246 524 405 558 remoto
436 523 636 558 remotum
672 522 778 557 sicut
816 521 921 557 idem
961 520 1108 556 eidem.
1162 520 1261 555 Nam
1301 520 1397 564 quia
1436 520 1540 556 idem
1581 530 1808 565 pronomen
1849 523 1923 557 est.

211 588 398 623 ⁵1tullan1
428 597 481 623 ex
509 587 547 623 vi
576 597 653 623 sua
679 588 852 623 formam
883 586 1144 622 determinat.
1182 585 1255 621 sed
1295 595 1449 621 meram
1489 586 1764 621 substantiam
1803 586 1925 631 signi—

245 653 341 689 ficat
369 663 446 689 nee
483 653 701 689 relativum
737 652 885 688 dicitur
924 662 948 688 a
982 651 1264 696 grammaticis
1306 654 1476 696 propter
1516 651 1760 687 relationem
1801 661 1922 695 quam

245 718 464 763 significet,
493 718 566 754 sed
597 719 728 763 magis
759 719 928 762 propter
956 717 1018 768 sui
1048 717 1233 752 notitiam
1263 726 1386 761 quam
1426 719 1540 753 tenet
1567 726 1645 752 nec
1675 726 1755 752 non
1787 718 1926 761 potest

246 784 322 820 hoc
351 784 442 820 loco
472 784 688 819 relativum
718 783 797 819 dici
835 782 1063 819 secundum
1099 782 1373 827 impositionis
1415 782 1579 818 modum
1617 782 1724 818 sicut
1761 782 1925 827 opposi-

246 851 341 886 tum.
370 848 466 893 quia
494 848 600 884 idem
631 848 844 893 quodlibet
871 847 1020 883 dicitur
1049 847 1085 882 in
1116 849 1309 891 respectu
1339 847 1399 882 sui
1430 846 1625 882 videlicet
1652 846 1795 891 ipsius.
1955 876 2074 911 Boou.

195 924 224 947 ιιι
388 914 502 950 Nunc
530 914 581 949 ad
611 914 807 949 literam
839 913 1070 949 redeamus.
1125 913 1248 948 l'rt’or
1278 923 1383 947 vero.
1437 913 1575 952 Quare
1612 912 1790 957 priorem
1827 911 1925 947 defi·
1954 934 1985 967 1,,
2002 902 2114 958 235]

248 980 444 1015 nitionem
483 989 590 1024 quae
625 979 845 1014 Platonis
884 978 1077 1015 creditur.
1118 978 1311 1023 corrigat.
1349 980 1389 1014 ct
1430 978 1563 1013 reddit
1603 987 1786 1014 causam.
1827 977 1923 1022 quia

245 1055 336 1080 cum
365 1045 504 1080 omnia
534 1044 707 1080 relativa
735 1046 946 1089 sequatur.
981 1044 1018 1079 id
1048 1045 1111 1079 est
1139 1043 1370 1080 comitetur.
1410 1053 1491 1079 non
1531 1043 1692 1079 confert
1729 1043 1791 1078 eis
1829 1052 1923 1078 esse

245 1110 469 1146 relationes
498 1112 538 1145 et
566 1111 688 1146 vocat
717 1109 891 1146 relativa
930 1109 1019 1144 sive
1058 1109 1225 1144 nomina
1264 1111 1429 1154 sumpta
1463 1118 1487 1145 a
1526 1108 1797 1144 relationibus
1834 1108 1924 1144 sive

245 1175 517 1212 fundamenta
546 1175 790 1211 relationum
821 1185 929 1220 quae
965 1186 988 1211 a
1023 1175 1197 1219 sumptis
1235 1175 1470 1210 nominibus
1508 1175 1785 1210 nominantur.
1838 1173 1925 1209 Hoc

194 1250 226 1274 ¹5»
248 1241 358 1278 enim
386 1251 536 1277 nomen
567 1244 696 1286 pater.
725 1241 833 1285 quod
862 1242 939 1277 hoc
968 1241 1101 1286 ipsum
1130 1241 1240 1286 quod
1269 1243 1343 1276 est.
1383 1240 1530 1276 dicitur
1563 1241 1614 1276 ad
1643 1240 1829 1276 alterum.
1859 1240 1923 1275 vel

247 1307 501 1343 nominatum
523 1307 663 1352 ipsius.
680 1308 787 1352 quod
812 1307 851 1342 in
869 1316 918 1343 eo
942 1307 1051 1351 quod
1074 1309 1193 1352 pater
1209 1308 1282 1343 est.
1306 1306 1473 1351 respicit
1489 1306 1674 1343 alterum.
1698 1306 1924 1341 relationes

249 1383 330 1409 non
359 1376 465 1409 sunt.
519 1373 576 1408 Es
603 1374 669 1408 his
701 1384 812 1416 erno.
867 1372 959 1408 Post
997 1372 1279 1408 definitionem
1319 1372 1564 1408 relationum
1603 1371 1798 1416 supponit
1834 1380 1925 1416 pro-

249 1439 464 1484 prietatem
495 1439 774 1476 relativorum.
813 1439 970 1474 scilicet
1004 1439 1111 1474 lianc
1140 1439 1248 1483 quod
1284 1438 1315 1473 si
1345 1438 1436 1482 quis
1474 1437 1637 1473 noverit
1665 1436 1847 1474 definite.
1887 1436 1923 1472 id

247 1508 311 1540 est
326 1505 614 1541 determinate.
637 1504 804 1549 aliquod
828 1504 1106 1541 relativorum.
1130 1504 1294 1539 noverit
1316 1503 1487 1539 definite
1510 1505 1551 1539 et
1572 1503 1759 1539 alterum.
1807 1502 1924 1538 [Inde

192 1554 527 1606 2013oethius¹z
563 1570 607 1608 ,si
643 1570 734 1614 Quis
764 1570 926 1605 noverit
954 1569 1176 1605 Anchisem
1208 1571 1367 1614 patrem
1405 1569 1575 1604 definite
1613 1578 1711 1604 esse
1741 1568 1922 1605 Aeneae.

245 1638 286 1672 et
313 1636 499 1672 Aeneam
535 1635 706 1671 definite
745 1645 840 1671 esse
877 1635 1004 1670 filium
1035 1635 1243 1670 Anchisae
1281 1634 1498 1679 cognoscit
1535 1634 1600 1670 vel
1638 1634 1671 1669 si
1709 1633 1924 1669 indefinite

245 1700 419 1736 noverit.
448 1699 642 1744 quoniam
674 1701 793 1744 pater
819 1699 1074 1743 generaliter
1096 1700 1170 1736 est.
1202 1698 1416 1735 indefinite
1439 1700 1504 1733 est
1526 1698 1704 1734 sciturus
1728 1697 1922 1742 quoniam

244 1765 314 1801 filii
344 1767 463 1810 pater
491 1767 575 1800 est:
630 1764 688 1800 Ex
717 1774 799 1809 qua
827 1751 950 1800 etiam
988 1764 1244 1809 proprietate
1282 1766 1425 1799 cetera
1465 1773 1572 1808 quae
1610 1763 1785 1799 relativa
1822 1772 1922 1798 vere

246 1839 325 1865 non
356 1832 462 1866 sunt.
501 1840 524 1865 a
555 1830 664 1865 veris
692 1830 860 1873 separat
897 1829 1094 1865 relativis.
1135 1830 1175 1864 ut
1213 1830 1334 1873 caput
1374 1829 1413 1864 et
1451 1837 1616 1863 manum
1654 1837 1762 1872 quae
1800 1827 1839 1862 in
1877 1836 1922 1862 se

191 1907 224 1930 ες.
247 1895 347 1940 ipsis
376 1894 546 1931 definite
575 1894 670 1930 sciri
700 1896 875 1939 possunt
913 1904 989 1930 nec
1026 1897 1164 1930 tamen
1203 1894 1285 1929 alia
1321 1893 1371 1929 ad
1401 1903 1509 1938 quae
1547 1894 1792 1929 referuntur.
1829 1892 1922 1927 ideo

245 1960 440 2005 cognosci
472 1970 646 1996 necesse
676 1962 750 1996 est.
804 1959 850 1995 iit
877 1960 1084 2006 attende
1113 1960 1218 1995 lianc
1252 1959 1547 2004 proprietatem
1577 1958 1783 2003 assignari
1813 1958 1924 1994 eirca

245 2024 433 2060 subiecta
462 2024 720 2064 relationum,
748 2024 977 2060 secundum
1001 2033 1105 2069 quas
1128 2023 1219 2068 ipsa
1248 2032 1344 2059 sese
1374 2022 1613 2068 respiciunt.
1642 2032 1749 2067 quae
1772 2022 1832 2058 sic
1854 2031 1923 2057 ex-

246 2090 427 2135 ponitur:
456 2090 564 2134 quod
594 2089 627 2124 si
656 2090 748 2134 quis
777 2089 941 2125 noverit
967 2089 1121 2134 aliquid
1151 2099 1203 2125 ex
1232 2089 1295 2124 his
1324 2098 1431 2133 quae
1460 2089 1510 2124 ad
1534 2087 1688 2133 aliquid
1712 2089 1818 2124 sunt.
1846 2088 1924 2123 hoc

245 2158 308 2192 est
342 2155 392 2191 de
430 2155 710 2191 fundamentis
750 2155 1010 2192 relationum.
1049 2154 1325 2190 determinate
1363 2154 1401 2189 in
1440 2164 1490 2190 eo
1529 2153 1687 2190 scilicet
1725 2153 1834 2198 quod
1872 2154 1922 2189 ad

193 2235 227 2256 ηε..
247 2221 401 2266 aliquid
431 2223 505 2258 est.
535 2222 575 2256 et
603 2221 698 2256 illud
728 2221 778 2256 ad
807 2220 916 2265 quod
946 2220 1126 2265 respicit.
1155 2219 1430 2256 determinate
1459 2222 1698 2263 cognoscet.
1752 2218 1792 2254 Si
1821 2229 1922 2255 vero

245 2287 392 2331 capitis
419 2286 692 2322 substantiam
723 2286 998 2322 determinate
1026 2286 1202 2322 noverit.
1230 2285 1357 2320 veluti
1387 2285 1425 2321 in
1455 2294 1505 2321 eo
1540 2285 1649 2330 quod
1686 2285 1763 2320 ltoc
1801 2288 1924 2329 caput

245 2351 319 2386 est.
350 2360 429 2385 non
460 2360 636 2386 necesse
665 2353 728 2386 est
756 2350 864 2386 aliud
903 2350 1100 2395 cognosci
1140 2350 1191 2386 ad
1230 2350 1338 2394 quod
1377 2349 1536 2385 dicatur
1573 2351 1707 2393 caput.
1761 2348 1922 2393 Quippe

244 2415 475 2451 substantia
492 2416 638 2460 capitis
662 2426 741 2451 non
767 2416 921 2460 pendet
937 2416 1104 2452 aliunde
1126 2416 1231 2451 sicut
1254 2415 1488 2460 proprietas
1512 2415 1771 2451 relationum.
1808 2413 1922 2449 Hanc

246 2481 556 2517 Aristoteles
586 2481 853 2517 relativorum
881 2481 1178 2526 proprietatem
1204 2480 1466 2517 manifestam
1489 2489 1586 2516 esse
1608 2479 1705 2516 dicit
1729 2489 1781 2516 ex
1804 2488 1922 2524 prae—

191 2560 224 2580 ;;.-.
247 2547 376 2583 missa
404 2547 645 2583 definitione
674 2547 932 2584 relationum.
962 2547 999 2582 in
1023 2556 1104 2591 qua
1126 2547 1320 2583 videlicet
1342 2548 1555 2582 ostensum
1580 2548 1644 2582 est
1665 2545 1922 2581 substantias

246 2614 356 2657 ipsas
383 2612 609 2648 secundum
641 2612 866 2648 relationes
899 2621 995 2648 sese
1033 2612 1258 2657 respicere.
1311 2611 1370 2647 Ex
1408 2621 1489 2656 quo
1527 2614 1567 2646 et
1603 2611 1699 2647 illud
1737 2612 1923 2656 apparet.

245 2678 354 2722 quod
383 2678 488 2713 sicut
518 2680 698 2713 mutuum
730 2679 963 2722 respectum
993 2678 1043 2714 ad
1074 2677 1249 2714 invicem
1281 2678 1435 2713 liabent
1463 2686 1515 2712 ex
1545 2676 1829 2714 relationibus.
1867 2675 1922 2711 ita

246 2747 287 2779 et
316 2746 495 2779 mutuam
527 2742 710 2778 notitiam
736 2743 786 2778 ad
816 2742 992 2778 invicem
1023 2752 1076 2778 ex
1099 2742 1370 2778 relationibus
1399 2742 1640 2778 sortiuntur.
1663 2741 1700 2776 in
1724 2742 1920 2785 quantum

388 2880 406 2910 ῖ
435 2887 537 2910 suam
568 2877 594 2910 A
725 2878 762 2909 12
798 2877 827 2908 ei
858 2877 882 2908 .-i
1014 2878 1054 2907 tti
1092 2877 1299 2908 nominatur
1333 2876 1358 2907 A
1486 2876 1592 2907 21-224
1630 2876 1865 2915 exponuntur
1892 2874 1918 2905 A

246 2940 288 2968 :35
316 2939 524 2970 substantia
550 2938 632 2977 ipsa
661 2937 686 2968 Α
797 2938 840 2966 3ἱὶ
868 2938 955 2975 pos!
983 2937 1171 2976 respicere
1198 2944 1267 2975 μοι·
1293 2935 1598 2975 ‹liltongaphJam
1630 2935 1666 2966 ιή
1696 2934 1722 2966 ,l
1751 2934 1920 2974 positum

244 3000 318 3029 ‹ns-l:
347 2998 398 3029 Ex
422 3006 493 3036 quo
521 3000 555 3028 et
578 2997 662 3028 illud
686 2999 853 3036 apparet.
878 2996 974 3035 quod
996 2996 1089 3027 sicut
1112 2998 1271 3027 mutuum
1295 2997 1505 3036 respectum
1528 2995 1572 3025 ad
1597 2994 1750 3025 invicem
1775 2993 1920 3031 liabent,

244 3066 290 3088 vx
321 3057 558 3088 relationibus
587 3057 788 3088 sortiuntur
816 3056 847 3087 in
879 3057 1052 3095 (plantum
1082 3064 1168 3086 sese
1197 3055 1394 3094 respicere.

390 3127 396 3147 ¹
428 3127 572 3159 lloelli.
604 3127 624 3157 I.
654 3138 692 3161 e..
724 3135 754 3166 p.
785 3126 907 3161 2371),
937 3126 1059 3157 2:354.»
