2200 3387
500 264 530 296 2.
561 262 624 294 ilie
652 262 807 294 Glossen
836 270 879 294 zu
908 262 976 293 ‹len
1006 261 1240 301 Kategorien.
1273 278 1310 282 —
1343 262 1393 293 lje
1421 262 1635 302 (liiantitate.
1848 260 1912 294 195

238 360 366 396 ficies.
421 361 450 396 Α
481 362 598 405 parte
626 358 943 395 determinandi.
996 360 1138 401 Quare
1163 359 1289 393 solue.
1343 359 1685 403 Quandoquidem
1709 358 1816 394 aliae
1845 368 1910 393 res

241 435 320 461 non
350 425 542 462 dicuntur
570 424 736 470 proprie
765 424 1030 469 quantitates,
1060 433 1160 467 ergo
1191 423 1283 458 illae
1312 424 1426 459 solae
1455 434 1560 467 (piae
1596 434 1722 468 supra
1751 423 1912 468 positae

239 493 344 526 sunt.
398 491 458 526 Ab
487 489 746 529 immediatis,
775 491 815 525 et
843 488 1014 533 exponit
1043 489 1232 533 ,proprie‘
1262 498 1334 533 pel·
1363 489 1602 524 ,seeundum
1632 496 1700 523 se·.

383 555 636 598 (maturitati.
680 555 900 599 Postquam
930 554 1158 589 novissime
1181 554 1484 589 ‹ieter-minavit.
1507 563 1614 597 quae
1646 563 1712 588 res
1744 554 1908 598 proprie

201 629 217 650 ἰ»
238 621 492 666 quantitates
521 620 720 656 dicantur.
750 629 857 664 (ulae
889 629 980 656 non.
1011 619 1115 654 redit
1143 619 1193 654 ad
1223 619 1390 663 proprie
1419 619 1673 663 quantitates
1702 621 1742 653 et
1770 628 1910 653 eorum

188 954 218 978 lo

184 2263 219 2286 :50

194 2920 222 2944 w

240 686 406 731 propria
433 685 632 731 perquirit
661 688 700 721 et
729 685 843 729 ponit
872 685 936 720 liic
964 685 1085 720 taleni
1116 684 1454 720 communitatem
1477 693 1585 728 quae
1615 684 1806 718 omnibus
1829 683 1914 727 qui-

238 751 331 787 dem
359 751 657 796 quantitatibus
679 750 886 788 convenit.
915 751 987 786 sed
1014 760 1093 785 non
1117 750 1228 787 solis,
1258 750 1415 785 scilicet
1439 759 1517 785 non
1543 760 1639 785 esse
1662 749 1911 784 contrarium

240 826 316 852 nec
345 819 470 860 negat
495 816 752 861 quantitates
780 825 861 851 non
892 815 1106 860 suscipere
1128 815 1360 851 contrarias
1384 825 1462 852 res,
1485 824 1575 850 eum
1601 815 1604 858 Ι
1629 814 1789 849 ‹licatur
1809 814 1913 849 lenis

239 881 303 917 vel
331 891 482 926 aspera
516 881 761 926 superficies
799 891 823 917 a
860 881 1030 917 lenitate
1069 882 1109 916 et
1147 880 1387 925 asperitate,
1426 890 1534 925 quae
1573 882 1668 915 sunt
1704 879 1913 914 contraria

240 956 316 983 nec
337 947 591 992 quantitates
614 947 654 982 in
670 946 939 991 susceptione
956 946 1256 982 contrariorum
1274 945 1580 990 quodammodo
1599 945 1676 981 (lici
1693 946 1912 983 contraria,

238 1012 312 1048 sed
341 1014 465 1057 negat
494 1022 567 1048 eas
596 1012 634 1048 in
664 1014 811 1047 natura
839 1021 941 1047 suae
980 1011 1193 1047 essentiae
1232 1011 1412 1047 maxime
1451 1011 1529 1046 sibi
1566 1011 1794 1048 adversari.
1848 1010 1914 1047 Sic

238 1076 380 1123 iunge:
409 1077 527 1113 Dicta
554 1079 649 1113 sunt
676 1077 794 1122 plura
822 1077 872 1113 (le
901 1077 1213 1122 quantitatibus.
1267 1077 1452 1121 Amplius
1487 1077 1579 1112 (lico
1614 1077 1665 1113 (le
1695 1077 1767 1113 eis.
1803 1077 1910 1121 quod

237 1142 396 1178 scilicet
435 1143 655 1187 quantitati
689 1145 765 1179 etc.
820 1143 864 1178 In
904 1142 1091 1178 ‹lesinilis
1126 1143 1253 1177 (mim.
1317 1142 1431 1178 Bene
1473 1143 1563 1178 (lico
1602 1142 1819 1187 quantitati
1860 1142 1911 1177 nil

238 1217 335 1244 esse
363 1208 627 1245 contrarium.
657 1208 755 1253 quia
783 1209 860 1243 lioc
888 1214 1030 1244 verum
1060 1210 1126 1243 est
1163 1208 1200 1243 in
1240 1208 1539 1252 quantitatibus
1577 1207 1761 1243 definitis
1799 1210 1839 1243 et
1872 1207 1912 1243 in

202 1279 218 1302 ἵν
240 1273 474 1310 indefinitis.
519 1273 732 1311 Definitas.
750 1274 787 1309 i(l
811 1275 875 1309 est
891 1275 1027 1309 certas
1045 1273 1248 1309 omnibus¹
1272 1274 1524 1317 quantitates
1547 1276 1669 1308 vocat
1691 1273 1741 1308 (le
1765 1272 1912 1317 quibus

239 1339 459 1375 constabat
487 1339 595 1384 apud
625 1349 783 1376 omnes.
813 1339 921 1383 quod
943 1339 1198 1383 quantitates
1222 1342 1376 1374 essent.
1430 1338 1672 1374 indefinitas
1695 1347 1795 1374 vero
1818 1338 1914 1374 dicit

239 1404 440 1449 quasdam
469 1404 764 1442 dimensiones.
794 1414 901 1449 quae
930 1405 1087 1440 scilicet
1115 1404 1393 1440 mediantibus
1415 1404 1714 1449 quantitatibus
1742 1403 1915 1439 veniunt

238 1472 364 1514 atque
393 1469 487 1506 ideo
517 1470 776 1505 videbantur.
829 1470 890 1506 De
918 1470 1066 1514 quibus
1095 1469 1259 1514 quidem
1290 1470 1470 1505 nondum
1495 1469 1708 1505 definitum
1732 1472 1831 1505 erat.
1860 1478 1913 1504 an

239 1534 493 1578 quantitates
522 1534 600 1570 dici
637 1535 850 1570 deberent.
904 1534 1035 1570 Locus
1072 1543 1097 1570 a
1133 1544 1261 1570 causa
1298 1534 1362 1569 vel
1400 1544 1424 1569 a
1464 1534 1648 1579 partibus
1687 1534 1912 1569 secundum

185 1609 200 1620 ·‘
239 1599 481 1644 opinionem
509 1609 652 1636 eorum
681 1600 748 1644 qui
777 1600 881 1636 llaec
910 1609 1075 1645 quoque
1104 1600 1357 1644 quantitates
1387 1600 1598 1644 putabant.
1650 1599 1913 1635 Manifestum

239 1667 314 1703 est.
343 1665 538 1710 quoniam
568 1665 719 1701 nullum
749 1666 1001 1701 contrarium
1032 1667 1093 1701 est
1121 1665 1160 1701 in
1189 1665 1384 1703 definitis.
1422 1665 1462 1701 id
1490 1666 1551 1700 est
1586 1665 1692 1700 inter
1719 1664 1913 1700 definitas

239 1731 492 1776 quantitates
531 1731 683 1766 nullum
717 1730 969 1766 contrarium
1008 1730 1253 1766 continetur.
1312 1730 1356 1765 (Ἰ
1394 1730 1591 1770 bicubito,
1629 1729 1666 1765 id
1705 1733 1770 1765 est
1805 1729 1914 1765 bicu-

242 1796 352 1832 bitae
379 1796 527 1832 lineae.
590 1796 652 1831 l'el
686 1797 820 1831 (ιΙὶωιῖ
854 1796 1025 1837 (allum,
1065 1795 1104 1831 id
1145 1798 1208 1831 est
1249 1805 1441 1831 verarum
1483 1795 1769 1840 quantitatum.
1823 1794 1913 1830 Nise·

239 1862 336 1907 quis
364 1862 511 1897 multa.
565 1861 655 1897 Dixi
686 1861 903 1906 quantitati
933 1861 985 1897 nil
1014 1871 1110 1897 esse
1139 1861 1390 1897 contrarium
1429 1863 1469 1896 et
1506 1861 1641 1896 nullus
1679 1861 1717 1896 id
1754 1862 1914 1896 contra·

184 1936 218 1960 :a
239 1927 346 1963 dicit.
384 1927 461 1963 nisi
490 1927 638 1972 aliquis
666 1926 771 1963 lorte
800 1927 908 1963 dicat
937 1927 1015 1962 ista
1052 1937 1159 1972 quae
1191 1929 1355 1971 reputat
1384 1926 1646 1971 quantitates.
1685 1936 1781 1961 esse
1820 1935 1914 1961 con-

239 1992 374 2030 trari-a.
403 1992 561 2029 scilicet
589 2002 781 2037 magnum
812 1993 851 2028 et
880 2002 1052 2037 parvum
1082 1995 1121 2028 et
1150 1992 1318 2027 multum
1343 1995 1382 2028 et
1404 1992 1611 2037 exiguum.
1664 1991 1710 2026 Et
1732 1992 1810 2027 hoc
1832 1993 1912 2027 est:

240 2059 324 2094 nisi
351 2059 448 2103 quis
474 2058 586 2093 (Hem
617 2058 750 2094 mulla
779 2059 933 2103 paucis·
959 2068 1044 2093 esse
1070 2059 1306 2097 (·‹mll·(lt·e't.l‚
1331 2057 1368 2093 id
1392 2060 1452 2093 ost
1474 2057 1755 2093 multitudines
1777 2057 1914 2102 pauci-

239 2122 402 2160 tatibus.
429 2123 494 2158 vel
523 2123 646 2158 etiam
676 2123 727 2159 de
765 2123 964 2158 subiectis
1003 2123 1203 2167 legamus.
1259 2122 1332 2157 [⁷bi
1371 2122 1479 2158 enim
1517 2122 1707 2158 subiecta
1744 2122 1912 2157 istorum

239 2197 320 2224 non
349 2190 444 2224 sunt
471 2188 681 2224 contraria
715 2189 753 2224 in
789 2188 1057 2233 susceptione
1096 2188 1279 2224 istorum.
1318 2197 1394 2223 nec
1431 2188 1507 2223 ista
1546 2188 1584 2223 in
1622 2198 1667 2223 se
1705 2187 1914 2223 contraria

239 2255 345 2289 sunt.
399 2254 561 2289 Horum
592 2256 747 2290 (uitem.
801 2254 877 2289 Per
904 2254 983 2289 ista
1011 2253 1175 2291 videtur
1201 2253 1412 2298 quantitas
1447 2253 1661 2297 suscipere
1690 2253 1914 2289 contrarie-

240 2319 379 2354 tatem.
407 2319 479 2354 sed
509 2329 590 2354 non
613 2319 722 2354 l'aeit.
764 2318 849 2354 Hoc
870 2318 967 2364 [estl
990 2319 1150 2354 (luobus
1174 2318 1306 2353 modis
1327 2317 1520 2354 ostendit.
1548 2318 1613 2353 vel
1637 2317 1733 2362 quia
1756 2318 1913 2353 seilicet

245 2392 326 2418 non
355 2386 448 2419 sunt
476 2385 730 2428 quantitates
759 2385 824 2420 vel
846 2384 940 2429 quia
965 2393 1046 2420 non
1070 2387 1165 2419 sunt
1187 2383 1407 2420 contraria.
1462 2382 1507 2418 Et
1529 2383 1593 2419 liic
1616 2383 1756 2427 incipit
1779 2385 1913 2419 osten-

242 2447 352 2485 dere.
381 2448 490 2493 quod
520 2458 602 2484 non
629 2450 724 2484 sunt
751 2449 1015 2493 quantitates
1045 2459 1118 2493 per
1146 2449 1223 2484 hoc
1251 2448 1407 2484 seilicet
1429 2448 1539 2493 quod
1561 2450 1655 2483 sunt
1677 2448 1726 2483 ad
1749 2449 1912 2493 aliquid.

243 2515 391 2557 postea
418 2513 622 2550 ostendet.
651 2514 758 2558 quod
789 2524 870 2550 non
899 2516 993 2550 sunt
1015 2515 1235 2550 contraria.
1290 2514 1406 2549 Nihil
1434 2515 1560 2549 enim.
1616 2513 1722 2549 Vere
1746 2517 1841 2550 sunt
1861 2514 1911 2550 ad

207 2594 221 2615 ·.
242 2578 394 2623 aliquid
423 2588 615 2624 magnum
651 2582 691 2615 et
726 2589 908 2624 parvum.
949 2580 1046 2625 quia
1085 2581 1313 2616 secundum
1348 2590 1397 2615 ea
1439 2581 1675 2615 referuntur
1714 2580 1912 2615 subiecta.

243 2644 274 2679 A
305 2644 403 2689 pari.
456 2643 502 2679 Et
531 2645 607 2680 hoc
635 2646 715 2680 est:
753 2645 864 2680 nulla
897 2655 963 2681 res
1000 2656 1073 2690 per
1110 2656 1168 2683 se..
1205 2646 1242 2680 id
1285 2648 1349 2681 est
1383 2645 1473 2680 sine
1510 2647 1703 2689 respectu
1745 2645 1913 2680 alterius

243 2709 390 2745 (licitur
418 2719 579 2754 magna.
613 2710 686 2746 sed
716 2710 852 2766 poti-us
881 2712 1069 2747 refertur.
1107 2711 1144 2746 i(l
1174 2714 1237 2746 est
1266 2711 1444 2754 respicit,
1473 2711 1524 2746 ad
1552 2710 1702 2759 aliquid
1732 2719 1805 2754 per
1834 2720 1913 2745 ma-

242 2774 509 2819 gnitudinem.
563 2776 679 2815 Quod
716 2777 897 2811 ostenuit
938 2777 974 2811 in
1018 2778 1166 2812 el'l'ectu
1208 2777 1513 2811 vocabulorum.
1555 2785 1645 2810 eum
1688 2775 1754 2810 ait.
1805 2775 1912 2819 quod

244 2850 362 2875 mons
385 2840 533 2876 (licitur
554 2850 706 2885 parvus
729 2843 768 2876 et
791 2841 941 2876 milium
965 2851 1170 2884 magnum.
1211 2841 1255 2876 Et
1278 2844 1469 2885 respectu
1493 2850 1677 2885 quorum.
1702 2841 1912 2885 supponit:

245 2905 360 2941 Mons
389 2905 553 2949 quidem
582 2907 774 2950 respectu
804 2907 892 2941 eius
922 2907 991 2942 rei.
1029 2916 1136 2950 quae
1165 2910 1227 2941 est
1256 2906 1318 2940 sui
1346 2906 1526 2948 generis.
1566 2906 1600 2940 iil
1631 2908 1694 2940 est
1724 2908 1911 2950 respectu

243 2970 414 3006 alterius
444 2971 603 3006 montis.
638 2971 703 3014 qui
742 2971 930 3006 similiter
965 2981 1083 3006 mons
1121 2978 1196 3006 est.
1238 2974 1276 3006 et
1317 2971 1466 3006 milium
1509 2974 1701 3015 respectu
1743 2971 1912 3006 alterius

245 3036 351 3071 milii.
406 3036 515 3079 Iz'ruo
543 3036 602 3070 ml
627 3036 761 3071 alind.
815 3037 1159 3081 Quandoquidem
1190 3046 1380 3079 magnum
1411 3039 1449 3071 et
1481 3046 1649 3080 parvum
1681 3036 1915 3072 referuntur

245 3101 281 3136 in
306 3101 406 3137 istis.
435 3101 472 3136 iu
497 3104 559 3137 est
582 3101 619 3136 in
645 3103 782 3136 monte
803 3104 842 3137 et
861 3102 980 3137 milio.
1003 3112 1102 3146 ergo
1128 3102 1370 3137 referuntur.
1394 3102 1500 3146 quod
1525 3102 1584 3136 sie
1607 3101 1718 3137 ‹lieitl
1755 3102 1910 3136 Eorum

247 3167 396 3204 relatio
424 3169 585 3214 spectat
613 3167 663 3203 ad
693 3166 814 3203 aliud.
852 3167 928 3204 lioe
957 3169 1021 3204 est
1055 3170 1148 3204 sunt
1188 3167 1412 3203 relationes
1449 3169 1687 3212 spectantes
1714 3166 1765 3204 ad
1793 3166 1913 3203 aliud.

1941 517 2073 552 Boeili.

1938 576 1971 608 1».
1983 565 2053 599 210
2066 566 2093 599 le

1942 818 1963 849 s.
1993 819 2060 848 :591-
