2200 3387
579 216 607 248 1.
636 215 702 248 Die
729 215 886 248 Glossen
913 224 956 248 zu
987 214 1218 256 Porphyrius.
1247 234 1290 238 —
1319 216 1371 249 De
1397 215 1533 258 specie.
1845 216 1885 250 61

358 311 639 351 Quaeritur
674 314 824 351 autem.
864 311 960 356 quid
1001 312 1267 357 praedicetur
1305 314 1369 349 vel
1411 314 1637 350 subiciatur
1675 323 1750 360 per
1790 315 1890 351 uni-

219 376 480 412 versalem
531 386 714 412 vocem.
784 376 866 412 Sed
915 377 1021 412 sicut
1064 377 1216 412 nullam
1258 387 1343 413 rem
1391 379 1560 424 intelligi
1613 379 1803 416 volumus
1849 380 1888 416 in

220 441 447 477 universali
475 450 590 480 voce.
619 441 674 477 ita
696 451 773 477 nec
800 441 979 486 aliquam
1009 442 1242 486 praedicari
1270 443 1334 478 vel
1363 443 1503 479 subici.
1557 444 1655 480 Cum
1685 445 1793 480 enim
1822 455 1890 481 res

218 506 409 542 animalis
439 506 550 542 nulla
587 506 650 545 sit.
691 506 769 542 nisi
797 505 896 552 {bie}
924 506 1030 542 haec
1058 507 1123 543 vel
1152 507 1230 546 illa.
1269 507 1376 543 lianc
1403 511 1541 544 autem
1577 510 1640 545 vel
1671 510 1777 545 illam
1807 520 1887 546 non

181 576 197 599 Γ·
219 570 507 616 intelligamus,
559 571 711 606 nullam
758 579 844 606 rem
892 570 1056 615 penitus
1097 572 1341 616 praedicare
1387 582 1462 617 per
1508 583 1659 610 nomen
1713 575 1887 612 ,animal-

217 644 436 680 possumus
480 645 557 671 nec
600 635 787 671 similiter
832 635 883 671 de
934 645 978 671 re
1023 636 1162 681 aliqua
1207 646 1334 681 agere
1381 647 1455 682 per
1500 647 1664 677 nomen.
1710 639 1888 675 bominis

216 700 385 736 scilicet.

360 765 441 802 Sed
480 765 572 802 liuic
605 766 769 811 quidem
799 766 1035 802 sententiae
1064 767 1186 811 plane
1214 768 1442 804 auctoritas
1470 768 1634 805 videtur
1659 768 1887 807 adversari.

215 828 282 864 Ait
309 829 418 865 enim
445 829 688 866 Boethius
717 829 762 865 in
791 829 956 875 primo
984 830 1476 875 Hypotheticorum1.
1504 833 1613 878 quod
1642 833 1680 869 id
1709 834 1819 878 quod
1846 835 1886 871 in

164 899 197 923 10
217 892 502 937 praedicativa
547 893 832 938 propositione
866 893 1079 933 subicitur,
1119 894 1225 930 illius
1265 895 1479 941 suscipere
1520 906 1672 933 nomen
1714 898 1887 935 videtur.

215 957 325 1002 quod
353 957 393 993 in
428 957 575 993 eadem
605 957 890 1003 propositione
919 959 1195 1003 praedicatur,
1234 962 1277 996 ut
1312 969 1405 996 cum
1433 961 1631 997 dicimus:
1672 962 1794 998 homo
1823 965 1887 999 est

214 1021 380 1058 animal.
431 1021 491 1058 Ex
531 1023 678 1067 quibus
715 1023 857 1059 verbis
894 1033 981 1059 rem
1019 1024 1150 1060 subici
1177 1026 1217 1060 et
1244 1033 1331 1061 rem
1359 1026 1595 1070 praedicari
1622 1036 1698 1072 per
1725 1028 1887 1064 univer-

213 1087 318 1123 salia
353 1096 519 1132 quoque
555 1088 761 1124 vocabula
796 1090 988 1133 patenter
1023 1091 1257 1126 monstrare
1293 1090 1465 1127 videtur.
1518 1090 1598 1127 Sed
1628 1093 1749 1133 valet,
1777 1094 1885 1138 quod

212 1152 271 1188 ait
292 1160 378 1187 rem
401 1151 631 1188 subiectam
654 1152 871 1198 suscipere
898 1162 1052 1190 nomen
1074 1154 1135 1190 rei
1156 1154 1425 1199 praedicatae
1447 1156 1575 1195 vocis,
1597 1158 1640 1192 ut
1660 1157 1723 1193 his
1746 1159 1885 1194 verbis

163 1222 195 1247 15
218 1218 346 1253 totum
394 1226 562 1253 sensum
603 1217 901 1263 propositionis
941 1219 1134 1263 aperiret.
1175 1229 1224 1256 ac
1264 1220 1297 1255 si
1338 1220 1495 1256 diceret
1541 1221 1747 1258 bominem
1788 1232 1884 1258 esse

212 1281 376 1317 animal.

354 1345 402 1382 Et
428 1348 555 1382 nota
591 1346 701 1391 quod
737 1346 848 1383 aliud
882 1349 947 1383 est
973 1347 1113 1384 dicere
1140 1348 1351 1385 hominem
1379 1358 1475 1386 esse
1503 1350 1668 1392 animal,
1696 1352 1806 1388 aliud
1833 1354 1886 1391 de

211 1409 378 1446 homine
405 1409 515 1455 quod
541 1410 594 1445 sit
621 1410 786 1452 animal,
824 1412 866 1447 et
892 1411 1002 1447 aliud
1030 1414 1093 1447 est
1120 1412 1260 1448 dicere
1289 1413 1340 1449 de
1367 1414 1546 1459 quodam
1567 1415 1745 1457 homine,
1774 1417 1885 1463 quod

211 1477 360 1515 currat,
381 1475 491 1511 aliud
507 1474 618 1520 quod
638 1475 804 1519 quidam
826 1475 950 1512 homo
967 1476 1102 1512 currit.
1155 1476 1232 1517 Qui
1253 1478 1362 1514 enim
1385 1478 1505 1515 dicit:
1534 1480 1711 1524 ‚quidam
1734 1482 1883 1523 currit·,

157 1551 193 1578 ω
212 1539 264 1576 de
299 1539 410 1576 nullo
447 1540 640 1578 ostendit.
680 1540 790 1585 quod
831 1543 980 1577 currat.
1033 1540 1194 1587 Quippe
1221 1551 1358 1588 neque
1386 1544 1436 1580 de
1464 1545 1542 1580 hoc
1563 1554 1700 1591 neque
1716 1546 1767 1583 de
1789 1547 1883 1588 alio,

211 1606 253 1641 et
287 1607 427 1641 tamen
463 1604 571 1645 dicit,
615 1605 725 1650 quod
771 1605 938 1650 quidam
976 1606 1112 1642 currit.
1175 1607 1229 1643 At
1263 1617 1366 1644 vero
1406 1609 1475 1654 qui
1514 1609 1632 1647 dicit:
1673 1609 1883 1651 ‚Socrates

211 1670 360 1710 currit&
400 1678 483 1706 non
511 1669 618 1709 dicit.
659 1671 768 1715 quod
797 1670 963 1715 quidam
992 1671 1129 1713 currit,
1163 1672 1239 1708 sed
1266 1673 1446 1709 ostendit
1472 1673 1523 1710 de
1552 1675 1744 1721 quodam,
1772 1678 1882 1722 quod

213 1735 351 1775 currit,
388 1735 485 1780 quia
512 1734 563 1771 de
591 1734 776 1776 Socrate,
815 1736 856 1771 et
883 1735 939 1771 ita
967 1736 1017 1772 de
1045 1737 1224 1773 homine.
1278 1736 1355 1778 Qui
1382 1747 1483 1774 vero
1507 1739 1603 1776 dicit
1629 1741 1718 1777 vel:
1748 1742 1881 1781 ,homo

210 1799 359 1842 currit·,
388 1800 477 1836 vel:
507 1799 685 1845 ‚quidam
713 1800 837 1837 homo
866 1801 1015 1842 currit‘.
1043 1810 1180 1847 neque
1202 1802 1253 1839 de
1275 1803 1442 1840 homine
1464 1803 1550 1850 [de]
1572 1806 1752 1850 quodam
1774 1807 1881 1847 dicit.

154 1869 190 1896 2⁵
209 1865 319 1910 quod
343 1867 493 1903 currat.
521 1865 595 1901 sed
617 1867 757 1901 tamen
786 1865 868 1902 hic
894 1865 1003 1906 dicit,
1032 1867 1141 1912 quod
1162 1867 1286 1903 homo
1307 1868 1443 1908 currit,
1472 1869 1542 1905 ibi
1571 1870 1681 1915 quod
1703 1871 1879 1916 quidam.

210 1928 328 1966 Unde
363 1929 498 1976 aperit
534 1929 643 1966 aliud
671 1933 818 1971 <esse>
845 1930 985 1966 dicere
1018 1930 1069 1967 de
1091 1931 1281 1976 quodam,
1315 1932 1425 1969 aliud
1460 1933 1600 1970 dicere
1637 1934 1733 1980 [est]
1770 1937 1880 1981 quod

210 1994 390 2042 quidam,
426 1995 532 2032 sicut
572 1997 614 2033 et
649 1995 760 2032 aliud
788 1996 852 2032 est
879 1995 1019 2033 dicere
1047 1996 1098 2033 de
1125 1997 1248 2038 nullo.
1276 1997 1387 2033 aliud
1415 1998 1566 2040 dicere,
1595 2001 1704 2046 quod
1732 2001 1879 2039 nullus.

210 2058 287 2100 Qui
315 2059 423 2098 enim
452 2060 620 2098 omnino
647 2061 769 2103 tacet,
793 2060 844 2098 de
866 2061 977 2098 nullo
999 2061 1166 2099 homine
1190 2062 1298 2103 dicit,
1326 2063 1436 2109 quod
1464 2066 1613 2104 currat,
1641 2074 1719 2101 nec
1740 2069 1878 2104 tamen

209 2124 318 2165 dicit,
346 2125 455 2175 quod
483 2126 618 2162 nullus
645 2127 796 2168 currat,
824 2136 917 2162 cum
945 2127 1112 2164 omnino
1139 2129 1289 2167 taceat.

153 2202 189 2228 30
351 2188 418 2226 Sic
445 2190 660 2229 continua:
699 2190 958 2237 Assignavi2‚
985 2190 1024 2228 id
1053 2193 1118 2229 est
1150 2193 1393 2235 monstravi,
1421 2194 1613 2240 superius
1641 2204 1773 2241 genus
1799 2200 1876 2236 etc.

208 2255 250 2295 et
276 2254 355 2293 hoc
381 2255 596 2300 assignato
619 2257 660 2292 et
677 2255 854 2306 insuper
873 2256 1090 2307 assignato
1106 2265 1192 2297 uno‘
1204 2268 1360 2305 genere
1382 2269 1509 2306 super
1530 2261 1679 2301 multas
1701 2262 1877 2309 species.

208 2319 434 2369 speciebus
471 2329 573 2360 vero
609 2320 794 2370 pluribus
827 2321 902 2360 sub
942 2331 1024 2358 uno
1064 2332 1220 2370 genere
1254 2324 1492 2371 assignatis¹
1527 2327 1568 2363 et
1601 2326 1711 2374 quod
1739 2328 1878 2374 plures

207 2385 370 2434 species
408 2387 504 2425 sunt
539 2385 615 2435 sub
650 2395 731 2425 uno
767 2394 924 2431 genere
961 2388 1206 2428 naturaliter
1240 2397 1416 2434 semper.
1456 2391 1605 2440 probat
1632 2391 1684 2431 ab
1713 2392 1876 2433 effectu.

207 2450 305 2499 qula
331 2450 489 2487 scilicet
525 2460 647 2489 omne
683 2460 817 2497 genus
845 2452 1048 2493 divisibile
1076 2462 1152 2498 per
1178 2454 1327 2494 multas
1355 2455 1532 2500 species.
1583 2455 1656 2493 His
1684 2457 1877 2496 videlicet

154 2527 189 2555 35
210 2515 394 2556 ostensis
431 2516 509 2552 hoc
536 2515 708 2561 insuper
735 2516 1096 2557 determinandum
1129 2520 1204 2560 est,
1228 2519 1232 2564 Ι
1257 2520 1365 2564 quod
1394 2529 1527 2565 genus
1555 2530 1724 2567 semper
1763 2532 1879 2570 prae-

206 2579 384 2620 dicabile
421 2582 486 2619 est
523 2582 600 2620 etc.
652 2581 701 2620 Et
729 2582 878 2622 omnia
905 2583 1135 2627 superlora
1165 2584 1214 2620 cle
1247 2584 1440 2624 omnibus
1474 2585 1560 2622 suis
1588 2586 1877 2631 ‘miserioribus

206 2646 250 2685 ut
276 2645 327 2685 de
349 2646 556 2686 contentis
578 2646 748 2687 scilicet,
771 2647 1076 2691 praedicantur.
1128 2649 1268 2694 Neque
1288 2650 1414 2687 enim.
1467 2650 1616 2689 Probat
1637 2651 1689 2688 ab
1711 2652 1874 2693 effectu.

207 2709 315 2757 quod
344 2708 510 2755 specles
539 2719 620 2751 non
649 2710 914 2760 praedicetur
941 2711 991 2752 de
1019 2721 1175 2757 genere
1203 2715 1246 2748 ut
1273 2713 1324 2754 de
1352 2715 1560 2756 contento,
1595 2714 1692 2763 quia
1719 2724 1801 2754 non
1830 2716 1874 2756 rit

207 2772 429 2812 conversio
469 2773 520 2814 de
560 2773 701 2818 specie
742 2775 793 2815 ad
833 2784 978 2820 genus.
1033 2778 1205 2823 Oportet
1245 2779 1400 2813 (eutem.
1460 2777 1677 2818 Quomodo
1713 2779 1874 2826 praedl÷

152 2837 413 2880 40cationem
454 2837 518 2874 liic
553 2837 741 2888 accipiat.
778 2838 1037 2880 determinat.
1075 2840 1233 2876 scilicet
1267 2843 1310 2878 ut
1337 2841 1388 2878 de
1417 2844 1625 2883 contento.
1665 2844 1774 2888 quod
1809 2846 1873 2884 est

351 2955 391 2991 19
419 2951 511 2997 rem]
537 2962 621 2989 resu
653 2954 681 2986 A
783 2954 823 2987 13
853 2957 1080 2991 monstrante
1110 2956 1138 2990 A
1259 2958 1298 2992 14
1327 2957 1530 2993 subiectum
1562 2959 1586 2991 A
1691 2960 1731 2994 17
1761 2959 1871 3002 quod}

205 3022 313 3057 quam
343 3013 370 3046 A
473 3013 515 3050 28
544 3013 677 3057 apertit
706 3014 733 3049 A
834 3015 872 3052 :31
905 3015 1073 3057 assignat
1102 3016 1128 3049 Α
1230 3016 1273 3050 39
1301 3014 1505 3058 Quomodo]
1534 3019 1591 3057 qu'i
1621 3018 1649 3052 A

347 3088 357 3112 ¹
380 3088 538 3129 ΒοοῐὴἸ
553 3088 1056 3135 1)‹¹s,1111.113111.1²!104‚⁸320.
1121 3089 1717 3134 Ὴῑοεῑὴ.,1η1ὀι·ρ1ι.οᾱ.ῐιιιι,
1731 3094 1869 3135 92:30³.

1907 2525 1928 2558 Γ.

1958 2526 2008 2558 917
