<?xml version="1.0" encoding="UTF-8"?>
<!DOCTYPE html PUBLIC "-//W3C//DTD XHTML 1.0 Transitional//EN"
    "http://www.w3.org/TR/xhtml1/DTD/xhtml1-transitional.dtd">
<html xmlns="http://www.w3.org/1999/xhtml" xml:lang="en" lang="en">
 <head>
  <title>
</title>
<meta http-equiv="Content-Type" content="text/html;charset=utf-8" />
  <meta name='ocr-system' content='tesseract 3.04.00' />
  <meta name='ocr-capabilities' content='ocr_page ocr_carea ocr_par ocr_line ocrx_word'/>
</head>
<body>
  <div class='ocr_page' id='page_1' title='image "./philosophischesc01abeluoft_0277.png"; bbox 0 0 2200 3387; ppageno 0'>
   <div class='ocr_carea' id='block_1_1' title="bbox 180 927 212 952">
    <p class='ocr_par' dir='ltr' id='par_1_1' title="bbox 180 927 212 952">
     <span class='ocr_line' id='line_1_1' title="bbox 180 927 212 952; baseline 0.031 -1"><span class='ocrx_word' id='word_1_1' title='bbox 180 927 212 952; x_wconf 88' lang='lat'>10</span> 
     </span>
    </p>
   </div>
   <div class='ocr_carea' id='block_1_2' title="bbox 179 1259 210 1284">
    <p class='ocr_par' dir='ltr' id='par_1_2' title="bbox 179 1259 210 1284">
     <span class='ocr_line' id='line_1_2' title="bbox 179 1259 210 1284; baseline 0 0"><span class='ocrx_word' id='word_1_2' title='bbox 179 1259 210 1284; x_wconf 81' lang='lat'>15</span> 
     </span>
    </p>
   </div>
   <div class='ocr_carea' id='block_1_3' title="bbox 448 232 1913 278">
    <p class='ocr_par' dir='ltr' id='par_1_3' title="bbox 448 232 1913 278">
     <span class='ocr_line' id='line_1_3' title="bbox 448 232 1913 278; baseline 0 -10"><span class='ocrx_word' id='word_1_3' title='bbox 448 234 478 268; x_wconf 81' lang='lat'>2.</span> <span class='ocrx_word' id='word_1_4' title='bbox 506 235 572 269; x_wconf 93' lang='lat' dir='ltr'>Die</span> <span class='ocrx_word' id='word_1_5' title='bbox 600 236 756 270; x_wconf 83' lang='lat' dir='ltr'>Glossen</span> <span class='ocrx_word' id='word_1_6' title='bbox 785 246 827 270; x_wconf 91' lang='lat' dir='ltr'>zu</span> <span class='ocrx_word' id='word_1_7' title='bbox 856 235 926 269; x_wconf 86' lang='lat' dir='ltr'>den</span> <span class='ocrx_word' id='word_1_8' title='bbox 955 236 1192 278; x_wconf 83' lang='lat' dir='ltr'>Kategorien.</span> <span class='ocrx_word' id='word_1_9' title='bbox 1219 253 1264 258; x_wconf 89' lang='lat'>-—</span> <span class='ocrx_word' id='word_1_10' title='bbox 1291 235 1344 268; x_wconf 86' lang='lat' dir='ltr'>De</span> <span class='ocrx_word' id='word_1_11' title='bbox 1371 235 1508 268; x_wconf 80' lang='lat' dir='ltr'>Facere</span> <span class='ocrx_word' id='word_1_12' title='bbox 1536 237 1571 268; x_wconf 87' lang='lat' dir='ltr'>et</span> <span class='ocrx_word' id='word_1_13' title='bbox 1597 235 1686 268; x_wconf 85' lang='lat' dir='ltr'>Pati.</span> <span class='ocrx_word' id='word_1_14' title='bbox 1844 232 1913 268; x_wconf 88' lang='lat'>253</span> 
     </span>
    </p>
   </div>
   <div class='ocr_carea' id='block_1_4' title="bbox 230 331 1915 1426">
    <p class='ocr_par' dir='ltr' id='par_1_4' title="bbox 230 331 1915 1360">
     <span class='ocr_line' id='line_1_4' title="bbox 376 331 1913 379; baseline 0 -11"><span class='ocrx_word' id='word_1_15' title='bbox 376 332 590 370; x_wconf 81' lang='lat' dir='ltr'>Attende</span> <span class='ocrx_word' id='word_1_16' title='bbox 619 335 770 372; x_wconf 81' lang='lat' dir='ltr'>autern,</span> <span class='ocrx_word' id='word_1_17' title='bbox 805 333 915 379; x_wconf 90' lang='lat' dir='ltr'>quod</span> <span class='ocrx_word' id='word_1_18' title='bbox 952 332 1058 369; x_wconf 90' lang='lat' dir='ltr'>sicut</span> <span class='ocrx_word' id='word_1_19' title='bbox 1095 342 1198 378; x_wconf 80' lang='lat' dir='ltr'>,ago,</span> <span class='ocrx_word' id='word_1_20' title='bbox 1237 333 1338 378; x_wconf 78' lang='lat' dir='ltr'>agis·</span> <span class='ocrx_word' id='word_1_21' title='bbox 1373 332 1554 368; x_wconf 84' lang='lat' dir='ltr'>activum</span> <span class='ocrx_word' id='word_1_22' title='bbox 1592 331 1709 378; x_wconf 93' lang='lat' dir='ltr'>[non]</span> <span class='ocrx_word' id='word_1_23' title='bbox 1742 332 1850 368; x_wconf 89' lang='lat' dir='ltr'>bene</span> <span class='ocrx_word' id='word_1_24' title='bbox 1888 342 1913 368; x_wconf 82' lang='lat' dir='ltr'>a</span> 
     </span>
     <span class='ocr_line' id='line_1_5' title="bbox 232 397 1911 443; baseline 0.001 -10"><span class='ocrx_word' id='word_1_25' title='bbox 232 398 563 442; x_wconf 82' lang='lat' dir='ltr'>generalissimo.</span> <span class='ocrx_word' id='word_1_26' title='bbox 586 399 745 435; x_wconf 89' lang='lat' dir='ltr'>scilicet</span> <span class='ocrx_word' id='word_1_27' title='bbox 759 399 810 435; x_wconf 89' lang='lat' dir='ltr'>ab</span> <span class='ocrx_word' id='word_1_28' title='bbox 833 398 1009 436; x_wconf 82' lang='lat' dir='ltr'>actione,</span> <span class='ocrx_word' id='word_1_29' title='bbox 1031 399 1237 443; x_wconf 86' lang='lat' dir='ltr'>sumptum</span> <span class='ocrx_word' id='word_1_30' title='bbox 1258 400 1332 437; x_wconf 83' lang='lat' dir='ltr'>est,</span> <span class='ocrx_word' id='word_1_31' title='bbox 1354 398 1411 433; x_wconf 87' lang='lat' dir='ltr'>ita</span> <span class='ocrx_word' id='word_1_32' title='bbox 1431 398 1595 433; x_wconf 88' lang='lat' dir='ltr'>videtur</span> <span class='ocrx_word' id='word_1_33' title='bbox 1617 407 1739 442; x_wconf 66' lang='lat' dir='ltr'>,agon</span> <span class='ocrx_word' id='word_1_34' title='bbox 1761 397 1911 443; x_wconf 84' lang='lat' dir='ltr'>ageris·</span> 
     </span>
     <span class='ocr_line' id='line_1_6' title="bbox 232 462 1912 509; baseline 0 -11"><span class='ocrx_word' id='word_1_35' title='bbox 232 463 445 507; x_wconf 83' lang='lat' dir='ltr'>passivum</span> <span class='ocrx_word' id='word_1_36' title='bbox 486 474 511 500; x_wconf 86' lang='lat' dir='ltr'>a</span> <span class='ocrx_word' id='word_1_37' title='bbox 550 464 749 509; x_wconf 76' lang='lat' dir='ltr'>passione</span> <span class='ocrx_word' id='word_1_38' title='bbox 788 463 1109 509; x_wconf 74' lang='lat' dir='ltr'>generalissimo</span> <span class='ocrx_word' id='word_1_39' title='bbox 1150 463 1267 499; x_wconf 88' lang='lat' dir='ltr'>sumi.</span> <span class='ocrx_word' id='word_1_40' title='bbox 1326 462 1407 498; x_wconf 83' lang='lat' dir='ltr'>Sed</span> <span class='ocrx_word' id='word_1_41' title='bbox 1445 463 1626 499; x_wconf 81' lang='lat' dir='ltr'>fortasse</span> <span class='ocrx_word' id='word_1_42' title='bbox 1667 464 1912 508; x_wconf 88' lang='lat' dir='ltr'>opponetur,</span> 
     </span>
     <span class='ocr_line' id='line_1_7' title="bbox 232 528 1912 574; baseline 0 -10"><span class='ocrx_word' id='word_1_43' title='bbox 232 529 341 573; x_wconf 89' lang='lat' dir='ltr'>quod</span> <span class='ocrx_word' id='word_1_44' title='bbox 370 528 475 565; x_wconf 90' lang='lat' dir='ltr'>sicut</span> <span class='ocrx_word' id='word_1_45' title='bbox 502 540 629 574; x_wconf 68' lang='lat' dir='ltr'>agere</span> <span class='ocrx_word' id='word_1_46' title='bbox 657 530 765 566; x_wconf 88' lang='lat' dir='ltr'>idem</span> <span class='ocrx_word' id='word_1_47' title='bbox 795 531 859 566; x_wconf 86' lang='lat' dir='ltr'>est</span> <span class='ocrx_word' id='word_1_48' title='bbox 886 529 995 574; x_wconf 90' lang='lat' dir='ltr'>quod</span> <span class='ocrx_word' id='word_1_49' title='bbox 1030 529 1184 567; x_wconf 82' lang='lat' dir='ltr'>facere.</span> <span class='ocrx_word' id='word_1_50' title='bbox 1221 528 1277 564; x_wconf 84' lang='lat' dir='ltr'>ita</span> <span class='ocrx_word' id='word_1_51' title='bbox 1314 528 1379 573; x_wconf 81' lang='lat' dir='ltr'>agi</span> <span class='ocrx_word' id='word_1_52' title='bbox 1419 528 1527 564; x_wconf 87' lang='lat' dir='ltr'>idem</span> <span class='ocrx_word' id='word_1_53' title='bbox 1566 530 1630 564; x_wconf 86' lang='lat' dir='ltr'>est</span> <span class='ocrx_word' id='word_1_54' title='bbox 1664 529 1773 573; x_wconf 88' lang='lat' dir='ltr'>quod</span> <span class='ocrx_word' id='word_1_55' title='bbox 1811 528 1912 564; x_wconf 82' lang='lat' dir='ltr'>fieri-</span> 
     </span>
     <span class='ocr_line' id='line_1_8' title="bbox 234 592 1911 640; baseline 0 -11"><span class='ocrx_word' id='word_1_56' title='bbox 234 592 351 629; x_wconf 86' lang='lat' dir='ltr'>Unde</span> <span class='ocrx_word' id='word_1_57' title='bbox 379 594 485 630; x_wconf 89' lang='lat' dir='ltr'>sicut</span> <span class='ocrx_word' id='word_1_58' title='bbox 512 604 658 632; x_wconf 88' lang='lat' dir='ltr'>omnes</span> <span class='ocrx_word' id='word_1_59' title='bbox 687 595 753 640; x_wconf 88' lang='lat' dir='ltr'>qui</span> <span class='ocrx_word' id='word_1_60' title='bbox 783 596 934 633; x_wconf 86' lang='lat' dir='ltr'>amant,</span> <span class='ocrx_word' id='word_1_61' title='bbox 968 594 1136 632; x_wconf 79' lang='lat' dir='ltr'>faciunt.</span> <span class='ocrx_word' id='word_1_62' title='bbox 1177 594 1233 630; x_wconf 89' lang='lat' dir='ltr'>ita</span> <span class='ocrx_word' id='word_1_63' title='bbox 1273 603 1419 629; x_wconf 92' lang='lat' dir='ltr'>omnes</span> <span class='ocrx_word' id='word_1_64' title='bbox 1460 593 1528 638; x_wconf 93' lang='lat' dir='ltr'>qui</span> <span class='ocrx_word' id='word_1_65' title='bbox 1568 595 1761 629; x_wconf 90' lang='lat' dir='ltr'>amantur</span> <span class='ocrx_word' id='word_1_66' title='bbox 1799 593 1911 629; x_wconf 87' lang='lat' dir='ltr'>l&#39;iunt.</span> 
     </span>
     <span class='ocr_line' id='line_1_9' title="bbox 232 658 1913 705; baseline 0 -11"><span class='ocrx_word' id='word_1_67' title='bbox 232 658 284 694; x_wconf 91' lang='lat' dir='ltr'>At</span> <span class='ocrx_word' id='word_1_68' title='bbox 310 668 424 699; x_wconf 90' lang='lat' dir='ltr'>vero,</span> <span class='ocrx_word' id='word_1_69' title='bbox 452 662 560 697; x_wconf 88' lang='lat' dir='ltr'>teste</span> <span class='ocrx_word' id='word_1_70' title='bbox 588 660 866 697; x_wconf 72' lang='lat' dir='ltr'>Aristotele</span> <span class='ocrx_word' id='word_1_71' title='bbox 896 660 933 696; x_wconf 94' lang='lat' dir='ltr'>in</span> <span class='ocrx_word' id='word_1_72' title='bbox 964 659 1126 705; x_wconf 89' lang='lat' dir='ltr'>primo</span> <span class='ocrx_word' id='word_1_73' title='bbox 1155 659 1263 695; x_wconf 86' lang='lat' dir='ltr'>Peri</span> <span class='ocrx_word' id='word_1_74' title='bbox 1296 659 1655 699; x_wconf 88' lang='lat' dir='ltr'>hermeneias¹,</span> <span class='ocrx_word' id='word_1_75' title='bbox 1693 659 1727 695; x_wconf 92' lang='lat' dir='ltr'>si</span> <span class='ocrx_word' id='word_1_76' title='bbox 1763 659 1809 694; x_wconf 81' lang='lat' dir='ltr'>fit</span> <span class='ocrx_word' id='word_1_77' title='bbox 1844 659 1913 695; x_wconf 92' lang='lat' dir='ltr'>ali-</span> 
     </span>
     <span class='ocr_line' id='line_1_10' title="bbox 232 724 1910 770; baseline 0 -10"><span class='ocrx_word' id='word_1_78' title='bbox 232 725 340 770; x_wconf 84' lang='lat' dir='ltr'>quid,</span> <span class='ocrx_word' id='word_1_79' title='bbox 378 735 460 761; x_wconf 90' lang='lat' dir='ltr'>non</span> <span class='ocrx_word' id='word_1_80' title='bbox 489 728 563 763; x_wconf 89' lang='lat' dir='ltr'>est.</span> <span class='ocrx_word' id='word_1_81' title='bbox 616 726 697 763; x_wconf 91' lang='lat' dir='ltr'>Sed</span> <span class='ocrx_word' id='word_1_82' title='bbox 735 736 878 762; x_wconf 90' lang='lat' dir='ltr'>rursus</span> <span class='ocrx_word' id='word_1_83' title='bbox 915 725 1125 770; x_wconf 89' lang='lat' dir='ltr'>quomodo</span> <span class='ocrx_word' id='word_1_84' title='bbox 1162 725 1314 770; x_wconf 91' lang='lat' dir='ltr'>poterit</span> <span class='ocrx_word' id='word_1_85' title='bbox 1350 724 1453 765; x_wconf 78' lang='lat' dir='ltr'>fieri,</span> <span class='ocrx_word' id='word_1_86' title='bbox 1491 725 1529 761; x_wconf 90' lang='lat' dir='ltr'>id</span> <span class='ocrx_word' id='word_1_87' title='bbox 1569 727 1633 761; x_wconf 89' lang='lat' dir='ltr'>est</span> <span class='ocrx_word' id='word_1_88' title='bbox 1671 724 1910 770; x_wconf 82' lang='lat' dir='ltr'>passionem</span> 
     </span>
     <span class='ocr_line' id='line_1_11' title="bbox 231 790 1914 836; baseline 0.001 -10"><span class='ocrx_word' id='word_1_89' title='bbox 231 790 410 836; x_wconf 83' lang='lat' dir='ltr'>aliquam</span> <span class='ocrx_word' id='word_1_90' title='bbox 433 792 602 833; x_wconf 84' lang='lat' dir='ltr'>habere,</span> <span class='ocrx_word' id='word_1_91' title='bbox 630 792 709 829; x_wconf 89' lang='lat' dir='ltr'>nisi</span> <span class='ocrx_word' id='word_1_92' title='bbox 731 792 782 828; x_wconf 92' lang='lat' dir='ltr'>sit</span> <span class='ocrx_word' id='word_1_93' title='bbox 793 790 813 827; x_wconf 70' lang='grc' dir='ltr'>ἵ)</span> <span class='ocrx_word' id='word_1_94' title='bbox 853 790 934 827; x_wconf 86' lang='lat' dir='ltr'>Sed</span> <span class='ocrx_word' id='word_1_95' title='bbox 963 791 1156 830; x_wconf 76' lang='lat' dir='ltr'>fortasse.</span> <span class='ocrx_word' id='word_1_96' title='bbox 1179 790 1215 826; x_wconf 90' lang='lat' dir='ltr'>si</span> <span class='ocrx_word' id='word_1_97' title='bbox 1236 790 1435 827; x_wconf 90' lang='lat' dir='ltr'>attentius</span> <span class='ocrx_word' id='word_1_98' title='bbox 1459 790 1756 827; x_wconf 84' lang='lat' dir='ltr'>Aristotelis</span> <span class='ocrx_word' id='word_1_99' title='bbox 1783 790 1914 827; x_wconf 84' lang='lat' dir='ltr'>verba</span> 
     </span>
     <span class='ocr_line' id='line_1_12' title="bbox 232 856 1913 901; baseline 0 -9"><span class='ocrx_word' id='word_1_100' title='bbox 232 865 470 901; x_wconf 78' lang='lat' dir='ltr'>pensemus.</span> <span class='ocrx_word' id='word_1_101' title='bbox 491 867 574 893; x_wconf 92' lang='lat' dir='ltr'>non</span> <span class='ocrx_word' id='word_1_102' title='bbox 594 858 763 894; x_wconf 91' lang='lat' dir='ltr'>omnino</span> <span class='ocrx_word' id='word_1_103' title='bbox 784 860 931 900; x_wconf 72' lang='lat' dir='ltr'>(esse)</span> <span class='ocrx_word' id='word_1_104' title='bbox 953 857 1016 892; x_wconf 87' lang='lat' dir='ltr'>his</span> <span class='ocrx_word' id='word_1_105' title='bbox 1040 865 1147 901; x_wconf 91' lang='lat' dir='ltr'>quae</span> <span class='ocrx_word' id='word_1_106' title='bbox 1174 856 1290 896; x_wconf 82' lang='lat' dir='ltr'>fiunt,</span> <span class='ocrx_word' id='word_1_107' title='bbox 1319 856 1499 897; x_wconf 89' lang='lat' dir='ltr'>abstulit,</span> <span class='ocrx_word' id='word_1_108' title='bbox 1528 856 1603 892; x_wconf 90' lang='lat' dir='ltr'>sed</span> <span class='ocrx_word' id='word_1_109' title='bbox 1632 858 1790 892; x_wconf 90' lang='lat' dir='ltr'>tantum</span> <span class='ocrx_word' id='word_1_110' title='bbox 1818 865 1913 892; x_wconf 88' lang='lat' dir='ltr'>esse</span> 
     </span>
     <span class='ocr_line' id='line_1_13' title="bbox 233 921 1915 967; baseline 0.001 -10"><span class='ocrx_word' id='word_1_111' title='bbox 233 921 272 957; x_wconf 93' lang='lat' dir='ltr'>id</span> <span class='ocrx_word' id='word_1_112' title='bbox 300 923 410 967; x_wconf 91' lang='lat' dir='ltr'>quod</span> <span class='ocrx_word' id='word_1_113' title='bbox 444 922 556 959; x_wconf 82' lang='lat' dir='ltr'>fiunt.</span> <span class='ocrx_word' id='word_1_114' title='bbox 609 922 727 959; x_wconf 76' lang='lat' dir='ltr'>L&#39;nde</span> <span class='ocrx_word' id='word_1_115' title='bbox 765 924 805 959; x_wconf 90' lang='lat' dir='ltr'>et</span> <span class='ocrx_word' id='word_1_116' title='bbox 842 932 935 959; x_wconf 92' lang='lat' dir='ltr'>cum</span> <span class='ocrx_word' id='word_1_117' title='bbox 972 922 1263 967; x_wconf 80' lang='lat' dir='ltr'>praemisisset</span> <span class='ocrx_word' id='word_1_118' title='bbox 1292 921 1381 962; x_wconf 87' lang='lat' dir='ltr'>‚etsi</span> <span class='ocrx_word' id='word_1_119' title='bbox 1419 921 1466 958; x_wconf 84' lang='lat' dir='ltr'>fit</span> <span class='ocrx_word' id='word_1_120' title='bbox 1505 922 1686 967; x_wconf 80' lang='lat' dir='ltr'>pulcher,</span> <span class='ocrx_word' id='word_1_121' title='bbox 1727 931 1809 958; x_wconf 89' lang='lat' dir='ltr'>non</span> <span class='ocrx_word' id='word_1_122' title='bbox 1850 923 1915 958; x_wconf 90' lang='lat' dir='ltr'>est</span> 
     </span>
     <span class='ocr_line' id='line_1_14' title="bbox 231 987 1914 1032; baseline 0.001 -10"><span class='ocrx_word' id='word_1_123' title='bbox 231 987 426 1032; x_wconf 80' lang='lat' dir='ltr'>pulcher‘,</span> <span class='ocrx_word' id='word_1_124' title='bbox 454 988 592 1024; x_wconf 86' lang='lat' dir='ltr'>statim</span> <span class='ocrx_word' id='word_1_125' title='bbox 621 988 790 1024; x_wconf 86' lang='lat' dir='ltr'>adiecit:</span> <span class='ocrx_word' id='word_1_126' title='bbox 830 990 882 1027; x_wconf 88' lang='lat' dir='ltr'>,et</span> <span class='ocrx_word' id='word_1_127' title='bbox 908 988 943 1024; x_wconf 93' lang='lat' dir='ltr'>si</span> <span class='ocrx_word' id='word_1_128' title='bbox 970 988 1015 1023; x_wconf 76' lang='lat' dir='ltr'>lit</span> <span class='ocrx_word' id='word_1_129' title='bbox 1042 987 1207 1032; x_wconf 77' lang='lat' dir='ltr'>aliquid,</span> <span class='ocrx_word' id='word_1_130' title='bbox 1242 997 1325 1023; x_wconf 91' lang='lat' dir='ltr'>non</span> <span class='ocrx_word' id='word_1_131' title='bbox 1354 989 1441 1028; x_wconf 76' lang='lat' dir='ltr'>est‘,</span> <span class='ocrx_word' id='word_1_132' title='bbox 1480 987 1576 1024; x_wconf 92' lang='lat' dir='ltr'>illud</span> <span class='ocrx_word' id='word_1_133' title='bbox 1605 987 1775 1029; x_wconf 89' lang='lat' dir='ltr'>scilicet,</span> <span class='ocrx_word' id='word_1_134' title='bbox 1804 987 1914 1032; x_wconf 89' lang='lat' dir='ltr'>quod</span> 
     </span>
     <span class='ocr_line' id='line_1_15' title="bbox 230 1052 1913 1099; baseline 0.001 -11"><span class='ocrx_word' id='word_1_135' title='bbox 230 1052 292 1094; x_wconf 76' lang='lat' dir='ltr'>fit:</span> <span class='ocrx_word' id='word_1_136' title='bbox 321 1054 363 1088; x_wconf 94' lang='lat' dir='ltr'>ut</span> <span class='ocrx_word' id='word_1_137' title='bbox 384 1053 495 1098; x_wconf 84' lang='lat' dir='ltr'>ligna</span> <span class='ocrx_word' id='word_1_138' title='bbox 518 1055 558 1089; x_wconf 90' lang='lat' dir='ltr'>et</span> <span class='ocrx_word' id='word_1_139' title='bbox 579 1053 739 1099; x_wconf 92' lang='lat' dir='ltr'>lapides</span> <span class='ocrx_word' id='word_1_140' title='bbox 762 1053 885 1089; x_wconf 90' lang='lat' dir='ltr'>modo</span> <span class='ocrx_word' id='word_1_141' title='bbox 902 1053 1005 1089; x_wconf 80' lang='lat' dir='ltr'>fiant</span> <span class='ocrx_word' id='word_1_142' title='bbox 1021 1053 1180 1091; x_wconf 77' lang='lat' dir='ltr'>domus,</span> <span class='ocrx_word' id='word_1_143' title='bbox 1203 1053 1296 1089; x_wconf 90' lang='lat' dir='ltr'>dum</span> <span class='ocrx_word' id='word_1_144' title='bbox 1320 1062 1395 1098; x_wconf 92' lang='lat' dir='ltr'>per</span> <span class='ocrx_word' id='word_1_145' title='bbox 1417 1053 1705 1098; x_wconf 85' lang='lat' dir='ltr'>operationem</span> <span class='ocrx_word' id='word_1_146' title='bbox 1728 1054 1913 1089; x_wconf 90' lang='lat' dir='ltr'>nostram</span> 
     </span>
     <span class='ocr_line' id='line_1_16' title="bbox 230 1118 1914 1164; baseline -0.001 -9"><span class='ocrx_word' id='word_1_147' title='bbox 230 1120 536 1164; x_wconf 85' lang='lat' dir='ltr'>praeparantur</span> <span class='ocrx_word' id='word_1_148' title='bbox 563 1118 615 1155; x_wconf 89' lang='lat' dir='ltr'>ad</span> <span class='ocrx_word' id='word_1_149' title='bbox 642 1118 822 1155; x_wconf 81' lang='lat' dir='ltr'>futurum</span> <span class='ocrx_word' id='word_1_150' title='bbox 851 1119 1003 1155; x_wconf 86' lang='lat' dir='ltr'>statum</span> <span class='ocrx_word' id='word_1_151' title='bbox 1032 1120 1073 1155; x_wconf 89' lang='lat' dir='ltr'>et</span> <span class='ocrx_word' id='word_1_152' title='bbox 1100 1118 1343 1164; x_wconf 79' lang='lat' dir='ltr'>passIoneni</span> <span class='ocrx_word' id='word_1_153' title='bbox 1381 1118 1602 1163; x_wconf 85' lang='lat' dir='ltr'>quandam.</span> <span class='ocrx_word' id='word_1_154' title='bbox 1636 1118 1677 1154; x_wconf 92' lang='lat' dir='ltr'>in</span> <span class='ocrx_word' id='word_1_155' title='bbox 1715 1127 1766 1154; x_wconf 91' lang='lat' dir='ltr'>eo</span> <span class='ocrx_word' id='word_1_156' title='bbox 1804 1118 1914 1164; x_wconf 91' lang='lat' dir='ltr'>quod</span> 
     </span>
     <span class='ocr_line' id='line_1_17' title="bbox 231 1183 1914 1229; baseline -0.001 -9"><span class='ocrx_word' id='word_1_157' title='bbox 231 1185 545 1229; x_wconf 88' lang='lat' dir='ltr'>praeparantur,</span> <span class='ocrx_word' id='word_1_158' title='bbox 582 1184 741 1229; x_wconf 84' lang='lat' dir='ltr'>&lt;quod&gt;</span> <span class='ocrx_word' id='word_1_159' title='bbox 778 1193 831 1220; x_wconf 81' lang='lat' dir='ltr'>ex</span> <span class='ocrx_word' id='word_1_160' title='bbox 872 1186 1017 1220; x_wconf 88' lang='lat' dir='ltr'>nostra</span> <span class='ocrx_word' id='word_1_161' title='bbox 1055 1183 1222 1220; x_wconf 88' lang='lat' dir='ltr'>actione</span> <span class='ocrx_word' id='word_1_162' title='bbox 1257 1184 1424 1223; x_wconf 76' lang='lat' dir='ltr'>liabent,</span> <span class='ocrx_word' id='word_1_163' title='bbox 1465 1183 1574 1220; x_wconf 89' lang='lat' dir='ltr'>nullo</span> <span class='ocrx_word' id='word_1_164' title='bbox 1616 1183 1738 1219; x_wconf 89' lang='lat' dir='ltr'>modo</span> <span class='ocrx_word' id='word_1_165' title='bbox 1779 1183 1914 1220; x_wconf 91' lang='lat' dir='ltr'>adhuc</span> 
     </span>
     <span class='ocr_line' id='line_1_18' title="bbox 231 1249 1915 1295; baseline 0 -10"><span class='ocrx_word' id='word_1_166' title='bbox 231 1250 325 1285; x_wconf 90' lang='lat' dir='ltr'>sunt</span> <span class='ocrx_word' id='word_1_167' title='bbox 359 1250 517 1286; x_wconf 91' lang='lat' dir='ltr'>domus.</span> <span class='ocrx_word' id='word_1_168' title='bbox 571 1249 611 1286; x_wconf 93' lang='lat' dir='ltr'>Si</span> <span class='ocrx_word' id='word_1_169' title='bbox 648 1250 747 1295; x_wconf 92' lang='lat' dir='ltr'>quid</span> <span class='ocrx_word' id='word_1_170' title='bbox 783 1250 924 1295; x_wconf 89' lang='lat' dir='ltr'>itaque</span> <span class='ocrx_word' id='word_1_171' title='bbox 960 1249 1033 1285; x_wconf 82' lang='lat' dir='ltr'>fiat</span> <span class='ocrx_word' id='word_1_172' title='bbox 1069 1249 1233 1294; x_wconf 86' lang='lat' dir='ltr'>aliquid,</span> <span class='ocrx_word' id='word_1_173' title='bbox 1271 1249 1368 1294; x_wconf 89' lang='lat' dir='ltr'>quia</span> <span class='ocrx_word' id='word_1_174' title='bbox 1406 1249 1497 1285; x_wconf 81' lang='lat' dir='ltr'>fieri</span> <span class='ocrx_word' id='word_1_175' title='bbox 1538 1251 1744 1294; x_wconf 91' lang='lat' dir='ltr'>sumptum</span> <span class='ocrx_word' id='word_1_176' title='bbox 1786 1251 1851 1285; x_wconf 92' lang='lat' dir='ltr'>est</span> <span class='ocrx_word' id='word_1_177' title='bbox 1889 1258 1915 1285; x_wconf 89' lang='lat' dir='ltr'>a</span> 
     </span>
     <span class='ocr_line' id='line_1_19' title="bbox 231 1314 1914 1360; baseline 0 -10"><span class='ocrx_word' id='word_1_178' title='bbox 231 1315 442 1360; x_wconf 85' lang='lat' dir='ltr'>passione.</span> <span class='ocrx_word' id='word_1_179' title='bbox 471 1315 740 1352; x_wconf 86' lang='lat' dir='ltr'>concedimus</span> <span class='ocrx_word' id='word_1_180' title='bbox 768 1315 865 1351; x_wconf 92' lang='lat' dir='ltr'>illud</span> <span class='ocrx_word' id='word_1_181' title='bbox 888 1324 982 1351; x_wconf 92' lang='lat' dir='ltr'>esse</span> <span class='ocrx_word' id='word_1_182' title='bbox 1006 1314 1258 1360; x_wconf 83' lang='lat' dir='ltr'>simpliciter,</span> <span class='ocrx_word' id='word_1_183' title='bbox 1287 1315 1362 1351; x_wconf 91' lang='lat' dir='ltr'>sed</span> <span class='ocrx_word' id='word_1_184' title='bbox 1384 1324 1466 1351; x_wconf 90' lang='lat' dir='ltr'>non</span> <span class='ocrx_word' id='word_1_185' title='bbox 1489 1324 1586 1350; x_wconf 92' lang='lat' dir='ltr'>esse</span> <span class='ocrx_word' id='word_1_186' title='bbox 1609 1314 1706 1350; x_wconf 91' lang='lat' dir='ltr'>illud</span> <span class='ocrx_word' id='word_1_187' title='bbox 1726 1314 1836 1360; x_wconf 89' lang='lat' dir='ltr'>quod</span> <span class='ocrx_word' id='word_1_188' title='bbox 1856 1314 1914 1351; x_wconf 78' lang='lat' dir='ltr'>fit.</span> 
     </span>
    </p>

    <p class='ocr_par' dir='ltr' id='par_1_5' title="bbox 374 1380 1914 1426">
     <span class='ocr_line' id='line_1_20' title="bbox 374 1380 1914 1426; baseline -0.001 -9"><span class='ocrx_word' id='word_1_189' title='bbox 374 1380 454 1417; x_wconf 91' lang='lat' dir='ltr'>Sed</span> <span class='ocrx_word' id='word_1_190' title='bbox 482 1390 625 1417; x_wconf 89' lang='lat' dir='ltr'>rursus</span> <span class='ocrx_word' id='word_1_191' title='bbox 655 1381 943 1426; x_wconf 90' lang='lat' dir='ltr'>opponitur,</span> <span class='ocrx_word' id='word_1_192' title='bbox 972 1381 1082 1426; x_wconf 90' lang='lat' dir='ltr'>quod</span> <span class='ocrx_word' id='word_1_193' title='bbox 1111 1380 1146 1416; x_wconf 91' lang='lat' dir='ltr'>si</span> <span class='ocrx_word' id='word_1_194' title='bbox 1174 1380 1288 1416; x_wconf 91' lang='lat' dir='ltr'>nulla</span> <span class='ocrx_word' id='word_1_195' title='bbox 1315 1380 1461 1416; x_wconf 89' lang='lat' dir='ltr'>domus</span> <span class='ocrx_word' id='word_1_196' title='bbox 1488 1380 1611 1416; x_wconf 91' lang='lat' dir='ltr'>modo</span> <span class='ocrx_word' id='word_1_197' title='bbox 1644 1380 1846 1416; x_wconf 86' lang='lat' dir='ltr'>existeret</span> <span class='ocrx_word' id='word_1_198' title='bbox 1873 1382 1914 1416; x_wconf 92' lang='lat' dir='ltr'>et</span> 
     </span>
    </p>
   </div>
   <div class='ocr_carea' id='block_1_5' title="bbox 231 1445 1914 1551">
    <p class='ocr_par' dir='ltr' id='par_1_6' title="bbox 231 1445 1914 1551">
     <span class='ocr_line' id='line_1_21' title="bbox 231 1445 1913 1492; baseline 0 -10"><span class='ocrx_word' id='word_1_199' title='bbox 231 1446 379 1491; x_wconf 88' lang='lat' dir='ltr'>aliquis</span> <span class='ocrx_word' id='word_1_200' title='bbox 407 1448 680 1492; x_wconf 89' lang='lat' dir='ltr'>componeret</span> <span class='ocrx_word' id='word_1_201' title='bbox 707 1446 875 1483; x_wconf 87' lang='lat' dir='ltr'>domum</span> <span class='ocrx_word' id='word_1_202' title='bbox 903 1448 943 1482; x_wconf 93' lang='lat' dir='ltr'>et</span> <span class='ocrx_word' id='word_1_203' title='bbox 971 1446 1129 1482; x_wconf 90' lang='lat' dir='ltr'>diceret</span> <span class='ocrx_word' id='word_1_204' title='bbox 1158 1446 1317 1487; x_wconf 85' lang='lat' dir='ltr'>‚domus</span> <span class='ocrx_word' id='word_1_205' title='bbox 1355 1445 1410 1482; x_wconf 82' lang='lat' dir='ltr'>fit‘</span> <span class='ocrx_word' id='word_1_206' title='bbox 1446 1446 1504 1482; x_wconf 87' lang='lat' dir='ltr'>ita</span> <span class='ocrx_word' id='word_1_207' title='bbox 1541 1445 1651 1491; x_wconf 89' lang='lat' dir='ltr'>quod</span> <span class='ocrx_word' id='word_1_208' title='bbox 1688 1446 1835 1482; x_wconf 91' lang='lat' dir='ltr'>domus</span> <span class='ocrx_word' id='word_1_209' title='bbox 1871 1446 1913 1482; x_wconf 89' lang='lat' dir='ltr'>in</span> 
     </span>
     <span class='ocr_line' id='line_1_22' title="bbox 231 1504 1914 1551; baseline 0 -10"><span class='ocrx_word' id='word_1_210' title='bbox 231 1505 419 1542; x_wconf 91' lang='lat' dir='ltr'>subiecto</span> <span class='ocrx_word' id='word_1_211' title='bbox 447 1505 499 1541; x_wconf 91' lang='lat' dir='ltr'>sit</span> <span class='ocrx_word' id='word_1_212' title='bbox 525 1507 566 1541; x_wconf 93' lang='lat' dir='ltr'>et</span> <span class='ocrx_word' id='word_1_213' title='bbox 591 1505 683 1541; x_wconf 82' lang='lat' dir='ltr'>fieri</span> <span class='ocrx_word' id='word_1_214' title='bbox 710 1506 987 1551; x_wconf 85' lang='lat' dir='ltr'>praedicetur,</span> <span class='ocrx_word' id='word_1_215' title='bbox 1015 1505 1184 1541; x_wconf 88' lang='lat' dir='ltr'>omnino</span> <span class='ocrx_word' id='word_1_216' title='bbox 1212 1504 1361 1541; x_wconf 76' lang='lat' dir='ltr'>falsum</span> <span class='ocrx_word' id='word_1_217' title='bbox 1390 1507 1464 1541; x_wconf 90' lang='lat' dir='ltr'>est.</span> <span class='ocrx_word' id='word_1_218' title='bbox 1517 1504 1558 1541; x_wconf 91' lang='lat' dir='ltr'>Si</span> <span class='ocrx_word' id='word_1_219' title='bbox 1581 1505 1672 1550; x_wconf 91' lang='lat' dir='ltr'>quis</span> <span class='ocrx_word' id='word_1_220' title='bbox 1692 1506 1831 1541; x_wconf 91' lang='lat' dir='ltr'>autem</span> <span class='ocrx_word' id='word_1_221' title='bbox 1856 1505 1914 1541; x_wconf 90' lang='lat' dir='ltr'>ita</span> 
     </span>
    </p>
   </div>
   <div class='ocr_carea' id='block_1_6' title="bbox 175 1571 1913 1616">
    <p class='ocr_par' dir='ltr' id='par_1_7' title="bbox 175 1571 1913 1616">
     <span class='ocr_line' id='line_1_23' title="bbox 175 1571 1913 1616; baseline 0 -10"><span class='ocrx_word' id='word_1_222' title='bbox 175 1580 191 1605; x_wconf 74' lang='lat'>‘3</span> <span class='ocrx_word' id='word_1_223' title='bbox 231 1571 419 1616; x_wconf 86' lang='lat' dir='ltr'>accipiat,</span> <span class='ocrx_word' id='word_1_224' title='bbox 447 1580 496 1607; x_wconf 89' lang='lat' dir='ltr'>ac</span> <span class='ocrx_word' id='word_1_225' title='bbox 524 1571 559 1607; x_wconf 90' lang='lat' dir='ltr'>si</span> <span class='ocrx_word' id='word_1_226' title='bbox 586 1571 744 1608; x_wconf 88' lang='lat' dir='ltr'>diceret</span> <span class='ocrx_word' id='word_1_227' title='bbox 770 1571 931 1616; x_wconf 90' lang='lat' dir='ltr'>aliquos</span> <span class='ocrx_word' id='word_1_228' title='bbox 958 1571 1125 1608; x_wconf 91' lang='lat' dir='ltr'>domum</span> <span class='ocrx_word' id='word_1_229' title='bbox 1147 1580 1414 1616; x_wconf 89' lang='lat' dir='ltr'>componere,</span> <span class='ocrx_word' id='word_1_230' title='bbox 1436 1580 1580 1607; x_wconf 90' lang='lat' dir='ltr'>verum</span> <span class='ocrx_word' id='word_1_231' title='bbox 1603 1572 1676 1611; x_wconf 90' lang='lat' dir='ltr'>est,</span> <span class='ocrx_word' id='word_1_232' title='bbox 1699 1571 1795 1616; x_wconf 90' lang='lat' dir='ltr'>quia</span> <span class='ocrx_word' id='word_1_233' title='bbox 1815 1571 1913 1607; x_wconf 88' lang='lat' dir='ltr'>tunc</span> 
     </span>
    </p>
   </div>
   <div class='ocr_carea' id='block_1_7' title="bbox 230 1635 1913 1873">
    <p class='ocr_par' dir='ltr' id='par_1_8' title="bbox 230 1635 1535 1677">
     <span class='ocr_line' id='line_1_24' title="bbox 230 1635 1535 1677; baseline -0.001 -5"><span class='ocrx_word' id='word_1_234' title='bbox 230 1635 270 1671; x_wconf 93' lang='lat' dir='ltr'>in</span> <span class='ocrx_word' id='word_1_235' title='bbox 298 1644 426 1672; x_wconf 89' lang='lat' dir='ltr'>sensu</span> <span class='ocrx_word' id='word_1_236' title='bbox 453 1635 509 1672; x_wconf 92' lang='lat' dir='ltr'>nil</span> <span class='ocrx_word' id='word_1_237' title='bbox 537 1635 676 1672; x_wconf 92' lang='lat' dir='ltr'>domui</span> <span class='ocrx_word' id='word_1_238' title='bbox 703 1635 949 1677; x_wconf 85' lang='lat' dir='ltr'>attribuitur,</span> <span class='ocrx_word' id='word_1_239' title='bbox 978 1636 1052 1671; x_wconf 93' lang='lat' dir='ltr'>sed</span> <span class='ocrx_word' id='word_1_240' title='bbox 1080 1635 1329 1672; x_wconf 80' lang='lat' dir='ltr'>facientibus</span> <span class='ocrx_word' id='word_1_241' title='bbox 1357 1635 1535 1671; x_wconf 90' lang='lat' dir='ltr'>domum.</span> 
     </span>
    </p>

    <p class='ocr_par' dir='ltr' id='par_1_9' title="bbox 230 1700 1913 1873">
     <span class='ocr_line' id='line_1_25' title="bbox 374 1700 1913 1743; baseline 0 -6"><span class='ocrx_word' id='word_1_242' title='bbox 374 1700 646 1741; x_wconf 87' lang='lat' dir='ltr'>Quaeritur</span> <span class='ocrx_word' id='word_1_243' title='bbox 667 1702 818 1743; x_wconf 90' lang='lat' dir='ltr'>autem,</span> <span class='ocrx_word' id='word_1_244' title='bbox 840 1710 932 1737; x_wconf 92' lang='lat' dir='ltr'>cum</span> <span class='ocrx_word' id='word_1_245' title='bbox 954 1701 1181 1737; x_wconf 86' lang='lat' dir='ltr'>verberare</span> <span class='ocrx_word' id='word_1_246' title='bbox 1199 1701 1252 1737; x_wconf 91' lang='lat' dir='ltr'>sit</span> <span class='ocrx_word' id='word_1_247' title='bbox 1273 1700 1446 1737; x_wconf 78' lang='lat' dir='ltr'>inferius</span> <span class='ocrx_word' id='word_1_248' title='bbox 1468 1700 1522 1737; x_wconf 91' lang='lat' dir='ltr'>ad</span> <span class='ocrx_word' id='word_1_249' title='bbox 1541 1700 1683 1737; x_wconf 79' lang='lat' dir='ltr'>facere</span> <span class='ocrx_word' id='word_1_250' title='bbox 1706 1702 1747 1737; x_wconf 90' lang='lat' dir='ltr'>et</span> <span class='ocrx_word' id='word_1_251' title='bbox 1767 1701 1913 1737; x_wconf 88' lang='lat' dir='ltr'>verbe-</span> 
     </span>
     <span class='ocr_line' id='line_1_26' title="bbox 230 1765 1912 1811; baseline 0 -9"><span class='ocrx_word' id='word_1_252' title='bbox 230 1766 313 1802; x_wconf 90' lang='lat' dir='ltr'>rari</span> <span class='ocrx_word' id='word_1_253' title='bbox 340 1766 393 1803; x_wconf 91' lang='lat' dir='ltr'>ad</span> <span class='ocrx_word' id='word_1_254' title='bbox 425 1766 529 1807; x_wconf 79' lang='lat' dir='ltr'>fieri,</span> <span class='ocrx_word' id='word_1_255' title='bbox 566 1768 703 1803; x_wconf 91' lang='lat' dir='ltr'>utrum</span> <span class='ocrx_word' id='word_1_256' title='bbox 729 1775 874 1803; x_wconf 86' lang='lat' dir='ltr'>verum</span> <span class='ocrx_word' id='word_1_257' title='bbox 909 1767 972 1807; x_wconf 92' lang='lat' dir='ltr'>sit,</span> <span class='ocrx_word' id='word_1_258' title='bbox 1001 1767 1111 1811; x_wconf 92' lang='lat' dir='ltr'>quod</span> <span class='ocrx_word' id='word_1_259' title='bbox 1147 1766 1243 1802; x_wconf 91' lang='lat' dir='ltr'>dum</span> <span class='ocrx_word' id='word_1_260' title='bbox 1280 1766 1459 1803; x_wconf 91' lang='lat' dir='ltr'>verbero</span> <span class='ocrx_word' id='word_1_261' title='bbox 1496 1766 1619 1807; x_wconf 93' lang='lat' dir='ltr'>illum,</span> <span class='ocrx_word' id='word_1_262' title='bbox 1655 1765 1764 1802; x_wconf 79' lang='lat' dir='ltr'>facio</span> <span class='ocrx_word' id='word_1_263' title='bbox 1800 1765 1912 1802; x_wconf 92' lang='lat' dir='ltr'>illum</span> 
     </span>
     <span class='ocr_line' id='line_1_27' title="bbox 231 1831 1913 1873; baseline -0.001 -5"><span class='ocrx_word' id='word_1_264' title='bbox 231 1838 272 1868; x_wconf 86' lang='lat' dir='ltr'>et</span> <span class='ocrx_word' id='word_1_265' title='bbox 299 1832 393 1868; x_wconf 93' lang='lat' dir='ltr'>dum</span> <span class='ocrx_word' id='word_1_266' title='bbox 422 1832 680 1873; x_wconf 90' lang='lat' dir='ltr'>verberatur,</span> <span class='ocrx_word' id='word_1_267' title='bbox 716 1831 762 1868; x_wconf 81' lang='lat' dir='ltr'>fit</span> <span class='ocrx_word' id='word_1_268' title='bbox 789 1842 814 1868; x_wconf 90' lang='lat' dir='ltr'>a</span> <span class='ocrx_word' id='word_1_269' title='bbox 841 1841 917 1868; x_wconf 93' lang='lat' dir='ltr'>me.</span> <span class='ocrx_word' id='word_1_270' title='bbox 969 1831 1017 1867; x_wconf 90' lang='lat' dir='ltr'>Et</span> <span class='ocrx_word' id='word_1_271' title='bbox 1043 1831 1223 1868; x_wconf 73' lang='lat' dir='ltr'>fortasse</span> <span class='ocrx_word' id='word_1_272' title='bbox 1251 1841 1335 1868; x_wconf 92' lang='lat' dir='ltr'>non</span> <span class='ocrx_word' id='word_1_273' title='bbox 1364 1833 1429 1868; x_wconf 92' lang='lat' dir='ltr'>est</span> <span class='ocrx_word' id='word_1_274' title='bbox 1464 1831 1764 1873; x_wconf 89' lang='lat' dir='ltr'>necessarium,</span> <span class='ocrx_word' id='word_1_275' title='bbox 1800 1833 1843 1868; x_wconf 93' lang='lat' dir='ltr'>ut</span> <span class='ocrx_word' id='word_1_276' title='bbox 1879 1831 1913 1867; x_wconf 92' lang='lat' dir='ltr'>si</span> 
     </span>
    </p>
   </div>
   <div class='ocr_carea' id='block_1_8' title="bbox 175 1897 1911 1944">
    <p class='ocr_par' dir='ltr' id='par_1_10' title="bbox 175 1897 1911 1944">
     <span class='ocr_line' id='line_1_28' title="bbox 175 1897 1911 1944; baseline 0.001 -11"><span class='ocrx_word' id='word_1_277' title='bbox 175 1907 209 1932; x_wconf 73' lang='lat'>25</span> <span class='ocrx_word' id='word_1_278' title='bbox 230 1907 328 1944; x_wconf 91' lang='lat' dir='ltr'>pars</span> <span class='ocrx_word' id='word_1_279' title='bbox 355 1897 620 1943; x_wconf 90' lang='lat' dir='ltr'>praedicetur</span> <span class='ocrx_word' id='word_1_280' title='bbox 647 1907 738 1934; x_wconf 90' lang='lat' dir='ltr'>cum</span> <span class='ocrx_word' id='word_1_281' title='bbox 776 1897 916 1943; x_wconf 92' lang='lat' dir='ltr'>aliqua</span> <span class='ocrx_word' id='word_1_282' title='bbox 952 1897 1314 1937; x_wconf 84' lang='lat' dir='ltr'>determinatione,</span> <span class='ocrx_word' id='word_1_283' title='bbox 1351 1899 1481 1934; x_wconf 91' lang='lat' dir='ltr'>totum</span> <span class='ocrx_word' id='word_1_284' title='bbox 1518 1897 1784 1942; x_wconf 88' lang='lat' dir='ltr'>praedicetur</span> <span class='ocrx_word' id='word_1_285' title='bbox 1819 1906 1911 1934; x_wconf 93' lang='lat' dir='ltr'>cum</span> 
     </span>
    </p>
   </div>
   <div class='ocr_carea' id='block_1_9' title="bbox 175 2238 210 2263">
    <p class='ocr_par' dir='ltr' id='par_1_11' title="bbox 175 2238 210 2263">
     <span class='ocr_line' id='line_1_29' title="bbox 175 2238 210 2263; baseline 0.029 -1"><span class='ocrx_word' id='word_1_286' title='bbox 175 2238 210 2263; x_wconf 87' lang='lat'>30</span> 
     </span>
    </p>
   </div>
   <div class='ocr_carea' id='block_1_10' title="bbox 176 2564 210 2589">
    <p class='ocr_par' dir='ltr' id='par_1_12' title="bbox 176 2564 210 2589">
     <span class='ocr_line' id='line_1_30' title="bbox 176 2564 210 2589; baseline 0 0"><span class='ocrx_word' id='word_1_287' title='bbox 176 2564 210 2589; x_wconf 87' lang='lat'>35</span> 
     </span>
    </p>
   </div>
   <div class='ocr_carea' id='block_1_11' title="bbox 229 1963 1914 2793">
    <p class='ocr_par' dir='ltr' id='par_1_13' title="bbox 229 1963 1914 2793">
     <span class='ocr_line' id='line_1_31' title="bbox 230 1963 1912 2009; baseline -0.001 -9"><span class='ocrx_word' id='word_1_288' title='bbox 230 1963 390 2000; x_wconf 90' lang='lat' dir='ltr'>eadem.</span> <span class='ocrx_word' id='word_1_289' title='bbox 442 1963 543 1999; x_wconf 90' lang='lat' dir='ltr'>Nam</span> <span class='ocrx_word' id='word_1_290' title='bbox 573 1963 705 1999; x_wconf 86' lang='lat' dir='ltr'>albius</span> <span class='ocrx_word' id='word_1_291' title='bbox 734 1965 774 1999; x_wconf 93' lang='lat' dir='ltr'>et</span> <span class='ocrx_word' id='word_1_292' title='bbox 801 1965 922 2008; x_wconf 87' lang='lat' dir='ltr'>pater</span> <span class='ocrx_word' id='word_1_293' title='bbox 948 1964 989 1999; x_wconf 89' lang='lat' dir='ltr'>et</span> <span class='ocrx_word' id='word_1_294' title='bbox 1015 1963 1243 1999; x_wconf 90' lang='lat' dir='ltr'>verberare</span> <span class='ocrx_word' id='word_1_295' title='bbox 1271 1964 1414 2009; x_wconf 90' lang='lat' dir='ltr'>partes</span> <span class='ocrx_word' id='word_1_296' title='bbox 1443 1964 1539 1999; x_wconf 90' lang='lat' dir='ltr'>sunt</span> <span class='ocrx_word' id='word_1_297' title='bbox 1572 1963 1798 2004; x_wconf 82' lang='lat' dir='ltr'>subiectae,</span> <span class='ocrx_word' id='word_1_298' title='bbox 1833 1972 1912 1999; x_wconf 92' lang='lat' dir='ltr'>nec</span> 
     </span>
     <span class='ocr_line' id='line_1_32' title="bbox 229 2028 1913 2074; baseline -0.001 -9"><span class='ocrx_word' id='word_1_299' title='bbox 229 2030 370 2065; x_wconf 90' lang='lat' dir='ltr'>tamen</span> <span class='ocrx_word' id='word_1_300' title='bbox 397 2038 603 2074; x_wconf 83' lang='lat' dir='ltr'>umquam,</span> <span class='ocrx_word' id='word_1_301' title='bbox 632 2029 666 2065; x_wconf 90' lang='lat' dir='ltr'>si</span> <span class='ocrx_word' id='word_1_302' title='bbox 702 2029 845 2070; x_wconf 87' lang='lat' dir='ltr'>,albius</span> <span class='ocrx_word' id='word_1_303' title='bbox 872 2029 951 2064; x_wconf 64' lang='grc' dir='ltr'>1110ι</span> <span class='ocrx_word' id='word_1_304' title='bbox 980 2029 1046 2065; x_wconf 88' lang='lat' dir='ltr'>vel</span> <span class='ocrx_word' id='word_1_305' title='bbox 1075 2030 1206 2074; x_wconf 87' lang='lat' dir='ltr'>,pater</span> <span class='ocrx_word' id='word_1_306' title='bbox 1231 2029 1350 2065; x_wconf 84' lang='lat' dir='ltr'>illius·</span> <span class='ocrx_word' id='word_1_307' title='bbox 1379 2029 1446 2065; x_wconf 87' lang='lat' dir='ltr'>vel</span> <span class='ocrx_word' id='word_1_308' title='bbox 1474 2029 1682 2070; x_wconf 90' lang='lat' dir='ltr'>,verberet</span> <span class='ocrx_word' id='word_1_309' title='bbox 1708 2028 1830 2065; x_wconf 88' lang='lat' dir='ltr'>illum‘</span> <span class='ocrx_word' id='word_1_310' title='bbox 1859 2028 1913 2065; x_wconf 89' lang='lat' dir='ltr'>sit</span> 
     </span>
     <span class='ocr_line' id='line_1_33' title="bbox 230 2093 1912 2140; baseline 0 -10"><span class='ocrx_word' id='word_1_311' title='bbox 230 2094 420 2131; x_wconf 92' lang='lat' dir='ltr'>subiecta</span> <span class='ocrx_word' id='word_1_312' title='bbox 447 2094 514 2131; x_wconf 89' lang='lat' dir='ltr'>illo</span> <span class='ocrx_word' id='word_1_313' title='bbox 536 2095 603 2131; x_wconf 90' lang='lat' dir='ltr'>vel</span> <span class='ocrx_word' id='word_1_314' title='bbox 624 2094 731 2131; x_wconf 92' lang='lat' dir='ltr'>illius</span> <span class='ocrx_word' id='word_1_315' title='bbox 753 2095 821 2131; x_wconf 84' lang='lat' dir='ltr'>vel</span> <span class='ocrx_word' id='word_1_316' title='bbox 848 2095 959 2131; x_wconf 92' lang='lat' dir='ltr'>illum</span> <span class='ocrx_word' id='word_1_317' title='bbox 980 2104 1118 2140; x_wconf 89' lang='lat' dir='ltr'>neque</span> <span class='ocrx_word' id='word_1_318' title='bbox 1141 2104 1233 2131; x_wconf 90' lang='lat' dir='ltr'>cum</span> <span class='ocrx_word' id='word_1_319' title='bbox 1256 2094 1475 2131; x_wconf 90' lang='lat' dir='ltr'>destruere</span> <span class='ocrx_word' id='word_1_320' title='bbox 1497 2094 1550 2130; x_wconf 93' lang='lat' dir='ltr'>sit</span> <span class='ocrx_word' id='word_1_321' title='bbox 1572 2094 1737 2140; x_wconf 89' lang='lat' dir='ltr'>species</span> <span class='ocrx_word' id='word_1_322' title='bbox 1758 2093 1912 2136; x_wconf 80' lang='lat' dir='ltr'>facere,</span> 
     </span>
     <span class='ocr_line' id='line_1_34' title="bbox 231 2159 1914 2206; baseline -0.001 -10"><span class='ocrx_word' id='word_1_323' title='bbox 231 2168 353 2196; x_wconf 90' lang='lat' dir='ltr'>nemo</span> <span class='ocrx_word' id='word_1_324' title='bbox 381 2160 574 2196; x_wconf 90' lang='lat' dir='ltr'>concedit</span> <span class='ocrx_word' id='word_1_325' title='bbox 601 2160 712 2205; x_wconf 90' lang='lat' dir='ltr'>quod</span> <span class='ocrx_word' id='word_1_326' title='bbox 745 2160 781 2196; x_wconf 91' lang='lat' dir='ltr'>si</span> <span class='ocrx_word' id='word_1_327' title='bbox 808 2160 899 2205; x_wconf 91' lang='lat' dir='ltr'>quis</span> <span class='ocrx_word' id='word_1_328' title='bbox 933 2160 1121 2196; x_wconf 89' lang='lat' dir='ltr'>destruat</span> <span class='ocrx_word' id='word_1_329' title='bbox 1143 2159 1148 2206; x_wconf 91' lang='grc' dir='ltr'>Ι</span> <span class='ocrx_word' id='word_1_330' title='bbox 1173 2160 1350 2198; x_wconf 86' lang='lat' dir='ltr'>domum.</span> <span class='ocrx_word' id='word_1_331' title='bbox 1387 2159 1514 2196; x_wconf 79' lang='lat' dir='ltr'>faciat</span> <span class='ocrx_word' id='word_1_332' title='bbox 1550 2160 1729 2201; x_wconf 85' lang='lat' dir='ltr'>domum,</span> <span class='ocrx_word' id='word_1_333' title='bbox 1767 2159 1842 2196; x_wconf 88' lang='lat' dir='ltr'>sed</span> <span class='ocrx_word' id='word_1_334' title='bbox 1878 2159 1914 2195; x_wconf 91' lang='lat' dir='ltr'>si</span> 
     </span>
     <span class='ocr_line' id='line_1_35' title="bbox 230 2225 1910 2271; baseline -0.001 -9"><span class='ocrx_word' id='word_1_335' title='bbox 230 2225 405 2262; x_wconf 86' lang='lat' dir='ltr'>destruit</span> <span class='ocrx_word' id='word_1_336' title='bbox 432 2225 609 2267; x_wconf 88' lang='lat' dir='ltr'>domum,</span> <span class='ocrx_word' id='word_1_337' title='bbox 636 2225 734 2262; x_wconf 84' lang='lat' dir='ltr'>facit</span> <span class='ocrx_word' id='word_1_338' title='bbox 762 2226 1013 2271; x_wconf 90' lang='lat' dir='ltr'>simpliciter.</span> <span class='ocrx_word' id='word_1_339' title='bbox 1067 2225 1263 2262; x_wconf 90' lang='lat' dir='ltr'>Similiter</span> <span class='ocrx_word' id='word_1_340' title='bbox 1288 2225 1323 2261; x_wconf 93' lang='lat' dir='ltr'>si</span> <span class='ocrx_word' id='word_1_341' title='bbox 1344 2225 1511 2271; x_wconf 87' lang='lat' dir='ltr'>aliquod</span> <span class='ocrx_word' id='word_1_342' title='bbox 1539 2234 1690 2271; x_wconf 88' lang='lat' dir='ltr'>corpus</span> <span class='ocrx_word' id='word_1_343' title='bbox 1710 2225 1757 2261; x_wconf 80' lang='lat' dir='ltr'>fit</span> <span class='ocrx_word' id='word_1_344' title='bbox 1775 2225 1910 2266; x_wconf 89' lang='lat' dir='ltr'>homo,</span> 
     </span>
     <span class='ocr_line' id='line_1_36' title="bbox 232 2290 1909 2336; baseline 0.001 -10"><span class='ocrx_word' id='word_1_345' title='bbox 232 2290 279 2326; x_wconf 81' lang='lat' dir='ltr'>fit</span> <span class='ocrx_word' id='word_1_346' title='bbox 306 2290 558 2336; x_wconf 89' lang='lat' dir='ltr'>simpliciter,</span> <span class='ocrx_word' id='word_1_347' title='bbox 587 2291 683 2336; x_wconf 90' lang='lat' dir='ltr'>quia</span> <span class='ocrx_word' id='word_1_348' title='bbox 710 2291 951 2336; x_wconf 88' lang='lat' dir='ltr'>passionem</span> <span class='ocrx_word' id='word_1_349' title='bbox 978 2291 1115 2331; x_wconf 82' lang='lat' dir='ltr'>habet,</span> <span class='ocrx_word' id='word_1_350' title='bbox 1144 2291 1219 2328; x_wconf 90' lang='lat' dir='ltr'>sed</span> <span class='ocrx_word' id='word_1_351' title='bbox 1246 2301 1330 2327; x_wconf 94' lang='lat' dir='ltr'>non</span> <span class='ocrx_word' id='word_1_352' title='bbox 1358 2291 1393 2327; x_wconf 92' lang='lat' dir='ltr'>si</span> <span class='ocrx_word' id='word_1_353' title='bbox 1425 2291 1472 2327; x_wconf 79' lang='lat' dir='ltr'>fit</span> <span class='ocrx_word' id='word_1_354' title='bbox 1498 2291 1633 2330; x_wconf 83' lang='lat' dir='ltr'>homo,</span> <span class='ocrx_word' id='word_1_355' title='bbox 1667 2291 1714 2327; x_wconf 83' lang='lat' dir='ltr'>fit</span> <span class='ocrx_word' id='word_1_356' title='bbox 1747 2300 1909 2336; x_wconf 91' lang='lat' dir='ltr'>corpus.</span> 
     </span>
     <span class='ocr_line' id='line_1_37' title="bbox 231 2354 1910 2402; baseline 0.001 -11"><span class='ocrx_word' id='word_1_357' title='bbox 231 2354 272 2392; x_wconf 90' lang='lat' dir='ltr'>Si</span> <span class='ocrx_word' id='word_1_358' title='bbox 300 2356 410 2392; x_wconf 89' lang='lat' dir='ltr'>enim</span> <span class='ocrx_word' id='word_1_359' title='bbox 438 2365 589 2401; x_wconf 91' lang='lat' dir='ltr'>corpus</span> <span class='ocrx_word' id='word_1_360' title='bbox 616 2356 748 2397; x_wconf 82' lang='lat' dir='ltr'>fieret,</span> <span class='ocrx_word' id='word_1_361' title='bbox 776 2356 855 2393; x_wconf 93' lang='grc'>1100</span> <span class='ocrx_word' id='word_1_362' title='bbox 884 2358 948 2393; x_wconf 90' lang='lat' dir='ltr'>est</span> <span class='ocrx_word' id='word_1_363' title='bbox 975 2358 1303 2402; x_wconf 88' lang='lat' dir='ltr'>praepararetur</span> <span class='ocrx_word' id='word_1_364' title='bbox 1329 2357 1382 2393; x_wconf 88' lang='lat' dir='ltr'>ad</span> <span class='ocrx_word' id='word_1_365' title='bbox 1415 2357 1506 2398; x_wconf 89' lang='lat' dir='ltr'>hoc,</span> <span class='ocrx_word' id='word_1_366' title='bbox 1534 2358 1577 2393; x_wconf 93' lang='lat' dir='ltr'>ut</span> <span class='ocrx_word' id='word_1_367' title='bbox 1604 2366 1755 2402; x_wconf 93' lang='lat' dir='ltr'>corpus</span> <span class='ocrx_word' id='word_1_368' title='bbox 1783 2358 1910 2394; x_wconf 78' lang='lat' dir='ltr'>esset,</span> 
     </span>
     <span class='ocr_line' id='line_1_38' title="bbox 231 2421 1912 2467; baseline 0.001 -10"><span class='ocrx_word' id='word_1_369' title='bbox 231 2421 412 2457; x_wconf 90' lang='lat' dir='ltr'>nondum</span> <span class='ocrx_word' id='word_1_370' title='bbox 435 2421 664 2457; x_wconf 89' lang='lat' dir='ltr'>secundum</span> <span class='ocrx_word' id='word_1_371' title='bbox 686 2421 1019 2458; x_wconf 88' lang='lat' dir='ltr'>Aristotelem</span> <span class='ocrx_word' id='word_1_372' title='bbox 1043 2431 1195 2467; x_wconf 92' lang='lat' dir='ltr'>corpus</span> <span class='ocrx_word' id='word_1_373' title='bbox 1216 2423 1339 2458; x_wconf 91' lang='lat' dir='ltr'>esset.</span> <span class='ocrx_word' id='word_1_374' title='bbox 1393 2421 1474 2458; x_wconf 91' lang='lat' dir='ltr'>Sed</span> <span class='ocrx_word' id='word_1_375' title='bbox 1496 2421 1677 2458; x_wconf 83' lang='lat' dir='ltr'>fortasse</span> <span class='ocrx_word' id='word_1_376' title='bbox 1700 2421 1791 2467; x_wconf 93' lang='lat' dir='ltr'>quis</span> <span class='ocrx_word' id='word_1_377' title='bbox 1814 2421 1912 2458; x_wconf 90' lang='lat' dir='ltr'>dicit</span> 
     </span>
     <span class='ocr_line' id='line_1_39' title="bbox 229 2486 1908 2533; baseline 0.001 -11"><span class='ocrx_word' id='word_1_378' title='bbox 229 2487 309 2523; x_wconf 90' lang='lat' dir='ltr'>hoc</span> <span class='ocrx_word' id='word_1_379' title='bbox 337 2486 505 2523; x_wconf 87' lang='lat' dir='ltr'>omnino</span> <span class='ocrx_word' id='word_1_380' title='bbox 534 2495 679 2523; x_wconf 91' lang='lat' dir='ltr'>verum</span> <span class='ocrx_word' id='word_1_381' title='bbox 708 2496 816 2526; x_wconf 83' lang='lat' dir='ltr'>esse,</span> <span class='ocrx_word' id='word_1_382' title='bbox 845 2487 954 2533; x_wconf 92' lang='lat' dir='ltr'>quod</span> <span class='ocrx_word' id='word_1_383' title='bbox 983 2487 1018 2523; x_wconf 90' lang='lat' dir='ltr'>si</span> <span class='ocrx_word' id='word_1_384' title='bbox 1044 2487 1224 2524; x_wconf 90' lang='lat' dir='ltr'>verbero</span> <span class='ocrx_word' id='word_1_385' title='bbox 1252 2487 1375 2527; x_wconf 93' lang='lat' dir='ltr'>illum,</span> <span class='ocrx_word' id='word_1_386' title='bbox 1412 2487 1520 2524; x_wconf 81' lang='lat' dir='ltr'>facio</span> <span class='ocrx_word' id='word_1_387' title='bbox 1547 2487 1671 2529; x_wconf 89' lang='lat' dir='ltr'>illum,</span> <span class='ocrx_word' id='word_1_388' title='bbox 1708 2487 1743 2524; x_wconf 94' lang='lat' dir='ltr'>si</span> <span class='ocrx_word' id='word_1_389' title='bbox 1781 2487 1908 2528; x_wconf 60' lang='lat' dir='ltr'>jacio·</span> 
     </span>
     <span class='ocr_line' id='line_1_40' title="bbox 230 2550 1910 2597; baseline 0.001 -11"><span class='ocrx_word' id='word_1_390' title='bbox 230 2551 346 2596; x_wconf 88' lang='lat' dir='ltr'>large</span> <span class='ocrx_word' id='word_1_391' title='bbox 373 2550 584 2596; x_wconf 91' lang='lat' dir='ltr'>accipitur,</span> <span class='ocrx_word' id='word_1_392' title='bbox 621 2560 703 2587; x_wconf 90' lang='lat' dir='ltr'>non</span> <span class='ocrx_word' id='word_1_393' title='bbox 738 2561 812 2596; x_wconf 91' lang='lat' dir='ltr'>pro</span> <span class='ocrx_word' id='word_1_394' title='bbox 850 2552 1164 2597; x_wconf 78' lang='lat' dir='ltr'>compositione.</span> <span class='ocrx_word' id='word_1_395' title='bbox 1202 2551 1309 2588; x_wconf 89' lang='lat' dir='ltr'>sicut</span> <span class='ocrx_word' id='word_1_396' title='bbox 1344 2561 1445 2588; x_wconf 92' lang='lat' dir='ltr'>usus</span> <span class='ocrx_word' id='word_1_397' title='bbox 1482 2552 1619 2588; x_wconf 90' lang='lat' dir='ltr'>habet.</span> <span class='ocrx_word' id='word_1_398' title='bbox 1672 2550 1773 2588; x_wconf 93' lang='lat' dir='ltr'>Cum</span> <span class='ocrx_word' id='word_1_399' title='bbox 1801 2551 1910 2588; x_wconf 89' lang='lat' dir='ltr'>enim</span> 
     </span>
     <span class='ocr_line' id='line_1_41' title="bbox 230 2615 1909 2658; baseline 0.001 -6"><span class='ocrx_word' id='word_1_400' title='bbox 230 2615 426 2658; x_wconf 90' lang='lat' dir='ltr'>&lt;dicitur&gt;</span> <span class='ocrx_word' id='word_1_401' title='bbox 461 2616 650 2654; x_wconf 77' lang='lat' dir='ltr'>,verbero</span> <span class='ocrx_word' id='word_1_402' title='bbox 678 2616 861 2658; x_wconf 76' lang='lat' dir='ltr'>&lt;illum&gt;·,</span> <span class='ocrx_word' id='word_1_403' title='bbox 890 2617 1227 2653; x_wconf 88' lang='lat' dir='ltr'>verberationem</span> <span class='ocrx_word' id='word_1_404' title='bbox 1262 2617 1399 2654; x_wconf 88' lang='lat' dir='ltr'>habeo</span> <span class='ocrx_word' id='word_1_405' title='bbox 1428 2627 1482 2654; x_wconf 84' lang='lat' dir='ltr'>ex</span> <span class='ocrx_word' id='word_1_406' title='bbox 1522 2626 1573 2654; x_wconf 93' lang='lat' dir='ltr'>eo</span> <span class='ocrx_word' id='word_1_407' title='bbox 1613 2619 1654 2653; x_wconf 86' lang='lat' dir='ltr'>et</span> <span class='ocrx_word' id='word_1_408' title='bbox 1703 2617 1909 2653; x_wconf 88' lang='lat' dir='ltr'>actionem</span> 
     </span>
     <span class='ocr_line' id='line_1_42' title="bbox 230 2681 1908 2726; baseline 0.001 -9"><span class='ocrx_word' id='word_1_409' title='bbox 230 2681 365 2718; x_wconf 90' lang='lat' dir='ltr'>habeo</span> <span class='ocrx_word' id='word_1_410' title='bbox 399 2691 452 2718; x_wconf 81' lang='lat' dir='ltr'>ex</span> <span class='ocrx_word' id='word_1_411' title='bbox 487 2690 537 2717; x_wconf 94' lang='lat' dir='ltr'>eo</span> <span class='ocrx_word' id='word_1_412' title='bbox 565 2681 676 2726; x_wconf 90' lang='lat' dir='ltr'>quod</span> <span class='ocrx_word' id='word_1_413' title='bbox 703 2681 867 2718; x_wconf 85' lang='lat' dir='ltr'>dicitur:</span> <span class='ocrx_word' id='word_1_414' title='bbox 908 2682 1027 2724; x_wconf 82' lang='lat' dir='ltr'>,facio</span> <span class='ocrx_word' id='word_1_415' title='bbox 1065 2682 1200 2718; x_wconf 74' lang='lat' dir='ltr'>illum‘.</span> <span class='ocrx_word' id='word_1_416' title='bbox 1252 2682 1366 2719; x_wconf 93' lang='lat' dir='ltr'>Sicut</span> <span class='ocrx_word' id='word_1_417' title='bbox 1405 2683 1514 2719; x_wconf 90' lang='lat' dir='ltr'>enim</span> <span class='ocrx_word' id='word_1_418' title='bbox 1555 2683 1746 2723; x_wconf 90' lang='lat' dir='ltr'>,verbero</span> <span class='ocrx_word' id='word_1_419' title='bbox 1786 2682 1908 2718; x_wconf 71' lang='lat' dir='ltr'>illum*</span> 
     </span>
     <span class='ocr_line' id='line_1_43' title="bbox 230 2747 1908 2793; baseline 0 -9"><span class='ocrx_word' id='word_1_420' title='bbox 230 2747 327 2784; x_wconf 90' lang='lat' dir='ltr'>dicit</span> <span class='ocrx_word' id='word_1_421' title='bbox 347 2756 412 2783; x_wconf 89' lang='lat' dir='ltr'>me</span> <span class='ocrx_word' id='word_1_422' title='bbox 435 2747 591 2783; x_wconf 88' lang='lat' dir='ltr'>habere</span> <span class='ocrx_word' id='word_1_423' title='bbox 613 2747 951 2784; x_wconf 91' lang='lat' dir='ltr'>verberationem</span> <span class='ocrx_word' id='word_1_424' title='bbox 966 2749 1166 2793; x_wconf 87' lang='lat' dir='ltr'>quantum</span> <span class='ocrx_word' id='word_1_425' title='bbox 1187 2748 1239 2784; x_wconf 86' lang='lat' dir='ltr'>ad</span> <span class='ocrx_word' id='word_1_426' title='bbox 1262 2748 1396 2793; x_wconf 88' lang='lat' dir='ltr'>ipsum</span> <span class='ocrx_word' id='word_1_427' title='bbox 1413 2748 1477 2784; x_wconf 92' lang='lat' dir='ltr'>cui</span> <span class='ocrx_word' id='word_1_428' title='bbox 1499 2747 1632 2784; x_wconf 84' lang='lat' dir='ltr'>infero</span> <span class='ocrx_word' id='word_1_429' title='bbox 1655 2748 1908 2793; x_wconf 85' lang='lat' dir='ltr'>passionem.</span> 
     </span>
    </p>
   </div>
   <div class='ocr_carea' id='block_1_12' title="bbox 231 2878 1906 3032">
    <p class='ocr_par' dir='ltr' id='par_1_14' title="bbox 231 2878 1906 3032">
     <span class='ocr_line' id='line_1_44' title="bbox 374 2878 1906 2921; baseline 0.001 -9"><span class='ocrx_word' id='word_1_430' title='bbox 374 2880 393 2912; x_wconf 82' lang='grc'>6</span> <span class='ocrx_word' id='word_1_431' title='bbox 415 2879 655 2920; x_wconf 66' lang='lat' dir='ltr'>perhyermes</span> <span class='ocrx_word' id='word_1_432' title='bbox 670 2880 700 2912; x_wconf 78' lang='lat' dir='ltr'><em>A</em></span> <span class='ocrx_word' id='word_1_433' title='bbox 800 2881 819 2913; x_wconf 82' lang='grc'><strong>9</strong></span> <span class='ocrx_word' id='word_1_434' title='bbox 842 2888 927 2913; x_wconf 81' lang='lat' dir='ltr'>esse</span> <span class='ocrx_word' id='word_1_435' title='bbox 949 2880 1084 2913; x_wconf 77' lang='lat' dir='ltr'>addidi</span> <span class='ocrx_word' id='word_1_436' title='bbox 1103 2890 1146 2912; x_wconf 72' lang='lat' dir='ltr'>ez</span> <span class='ocrx_word' id='word_1_437' title='bbox 1167 2881 1296 2913; x_wconf 73' lang='lat' dir='ltr'>Abaez.</span> <span class='ocrx_word' id='word_1_438' title='bbox 1321 2881 1473 2913; x_wconf 77' lang='lat' dir='ltr'>Dialect.</span> <span class='ocrx_word' id='word_1_439' title='bbox 1589 2881 1630 2912; x_wconf 81' lang='lat'>15</span> <span class='ocrx_word' id='word_1_440' title='bbox 1652 2878 1792 2921; x_wconf 85' lang='lat' dir='ltr'>itaque]</span> <span class='ocrx_word' id='word_1_441' title='bbox 1814 2880 1906 2914; x_wconf 82' lang='lat' dir='ltr'>itaA</span> 
     </span>
     <span class='ocr_line' id='line_1_45' title="bbox 233 2934 1905 2981; baseline 0.001 -10"><span class='ocrx_word' id='word_1_442' title='bbox 233 2940 274 2972; x_wconf 77' lang='lat'>18</span> <span class='ocrx_word' id='word_1_443' title='bbox 303 2939 353 2971; x_wconf 83' lang='lat' dir='ltr'>ita</span> <span class='ocrx_word' id='word_1_444' title='bbox 380 2934 494 2981; x_wconf 82' lang='lat' dir='ltr'>quod]</span> <span class='ocrx_word' id='word_1_445' title='bbox 522 2940 647 2979; x_wconf 82' lang='lat' dir='ltr'>itaque</span> <span class='ocrx_word' id='word_1_446' title='bbox 674 2939 703 2972; x_wconf 81' lang='lat' dir='ltr'><strong><em>A</em></strong></span> <span class='ocrx_word' id='word_1_447' title='bbox 805 2939 846 2971; x_wconf 71' lang='lat'>24</span> <span class='ocrx_word' id='word_1_448' title='bbox 872 2941 962 2980; x_wconf 75' lang='lat' dir='ltr'>post</span> <span class='ocrx_word' id='word_1_449' title='bbox 988 2940 1210 2972; x_wconf 85' lang='lat' dir='ltr'>verberatur</span> <span class='ocrx_word' id='word_1_450' title='bbox 1237 2940 1344 2972; x_wconf 73' lang='lat' dir='ltr'>addit</span> <span class='ocrx_word' id='word_1_451' title='bbox 1370 2940 1398 2972; x_wconf 74' lang='lat' dir='ltr'><strong><em>A</em></strong></span> <span class='ocrx_word' id='word_1_452' title='bbox 1422 2943 1468 2973; x_wconf 74' lang='lat' dir='ltr'>an</span> <span class='ocrx_word' id='word_1_453' title='bbox 1568 2941 1610 2972; x_wconf 78' lang='lat'>:27</span> <span class='ocrx_word' id='word_1_454' title='bbox 1646 2949 1844 2981; x_wconf 88' lang='lat' dir='ltr'>numquam</span> <span class='ocrx_word' id='word_1_455' title='bbox 1877 2940 1905 2972; x_wconf 75' lang='lat' dir='ltr'><strong><em>A</em></strong></span> 
     </span>
     <span class='ocr_line' id='line_1_46' title="bbox 231 2998 1080 3032; baseline -0.001 -1"><span class='ocrx_word' id='word_1_456' title='bbox 231 2999 274 3031; x_wconf 84' lang='lat'>35</span> <span class='ocrx_word' id='word_1_457' title='bbox 303 2998 391 3031; x_wconf 90' lang='lat' dir='ltr'>Cum</span> <span class='ocrx_word' id='word_1_458' title='bbox 419 2999 514 3031; x_wconf 89' lang='lat' dir='ltr'>enim</span> <span class='ocrx_word' id='word_1_459' title='bbox 543 2999 698 3031; x_wconf 86' lang='lat' dir='ltr'>verbero</span> <span class='ocrx_word' id='word_1_460' title='bbox 726 2999 1021 3032; x_wconf 82' lang='lat' dir='ltr'>verberationem</span> <span class='ocrx_word' id='word_1_461' title='bbox 1051 3000 1080 3031; x_wconf 72' lang='lat' dir='ltr'><strong><em>A</em></strong></span> 
     </span>
    </p>
   </div>
   <div class='ocr_carea' id='block_1_13' title="bbox 230 3066 1906 3170">
    <p class='ocr_par' dir='ltr' id='par_1_15' title="bbox 230 3066 1906 3170">
     <span class='ocr_line' id='line_1_47' title="bbox 374 3066 1906 3113; baseline 0.001 -12"><span class='ocrx_word' id='word_1_462' title='bbox 374 3068 384 3090; x_wconf 94' lang='lat'>¹</span> <span class='ocrx_word' id='word_1_463' title='bbox 413 3069 575 3108; x_wconf 79' lang='lat' dir='ltr'>Boeth.‚</span> <span class='ocrx_word' id='word_1_464' title='bbox 604 3069 809 3103; x_wconf 79' lang='lat' dir='ltr'>Comment.</span> <span class='ocrx_word' id='word_1_465' title='bbox 832 3070 871 3102; x_wconf 84' lang='lat' dir='ltr'>in</span> <span class='ocrx_word' id='word_1_466' title='bbox 893 3070 1034 3102; x_wconf 81' lang='lat' dir='ltr'>librum</span> <span class='ocrx_word' id='word_1_467' title='bbox 1054 3070 1180 3108; x_wconf 66' lang='lat' dir='ltr'>Arist„</span> <span class='ocrx_word' id='word_1_468' title='bbox 1205 3066 1300 3113; x_wconf 80' lang='grc' dir='ltr'><em>Περὶ</em></span> <span class='ocrx_word' id='word_1_469' title='bbox 1323 3068 1526 3113; x_wconf 69' lang='grc' dir='ltr'><em>ἑρμηνείας</em></span> <span class='ocrx_word' id='word_1_470' title='bbox 1545 3078 1617 3103; x_wconf 83' lang='lat' dir='ltr'>rec.</span> <span class='ocrx_word' id='word_1_471' title='bbox 1640 3070 1676 3103; x_wconf 89' lang='lat' dir='ltr'>C.</span> <span class='ocrx_word' id='word_1_472' title='bbox 1700 3070 1864 3104; x_wconf 86' lang='lat' dir='ltr'>Meiser</span> <span class='ocrx_word' id='word_1_473' title='bbox 1883 3069 1906 3110; x_wconf 84' lang='grc' dir='ltr'>Ι,</span> 
     </span>
     <span class='ocr_line' id='line_1_48' title="bbox 230 3127 672 3170; baseline 0 -9"><span class='ocrx_word' id='word_1_474' title='bbox 230 3128 378 3170; x_wconf 81' lang='lat' dir='ltr'>Lipsiae</span> <span class='ocrx_word' id='word_1_475' title='bbox 408 3128 508 3167; x_wconf 82' lang='lat'>1877,</span> <span class='ocrx_word' id='word_1_476' title='bbox 537 3138 571 3170; x_wconf 92' lang='lat' dir='ltr'>p.</span> <span class='ocrx_word' id='word_1_477' title='bbox 600 3127 672 3161; x_wconf 79' lang='lat'><strong>7³0.</strong></span> 
     </span>
    </p>
   </div>
   <div class='ocr_carea' id='block_1_14' title="bbox 1940 2167 2060 2200">
    <p class='ocr_par' dir='ltr' id='par_1_16' title="bbox 1940 2167 2060 2200">
     <span class='ocr_line' id='line_1_49' title="bbox 1940 2167 2060 2200; baseline -0.025 0"><span class='ocrx_word' id='word_1_478' title='bbox 1940 2167 1962 2200; x_wconf 79' lang='lat' dir='ltr'>s.</span> <span class='ocrx_word' id='word_1_479' title='bbox 1991 2168 2060 2200; x_wconf 75' lang='lat'><strong><em>351&gt;</em></strong></span> 
     </span>
    </p>
   </div>
  </div>
 </body>
</html>
