2200 3387
331 260 397 297 176
735 264 840 296 Peter
866 264 1070 297 Abaelards
1099 264 1233 305 LogiCa
1259 263 1584 305 ,ingredientibus‘.

329 361 611 397 rationabilius
639 361 811 398 videtur.
839 363 882 396 ut
909 361 1093 397 dicamus
1122 371 1250 405 saepe
1278 361 1329 397 ad
1358 361 1585 397 doctrinam
1613 361 1670 396 ita
1691 361 1741 396 de
1763 361 1887 397 rebus
1909 371 1991 398 non

329 427 602 462 existentibus
637 426 714 471 agi.
749 426 865 470 quasi
903 426 1131 462 existentes
1172 427 1326 465 essent,
1366 426 1477 461 velut
1516 434 1608 461 cum
1648 425 1811 461 dicitur:
1853 427 1992 466 ‚totum

328 501 481 527 annum
508 501 633 526 unum
662 491 901 526 continuum
928 492 1208 536 appellamus.
1238 490 1297 526 sic
1325 490 1374 526 de
1402 491 1493 535 ipso
1521 490 1692 536 agimus,
1726 490 1845 534 quasi
1881 492 1994 526 esset

330 566 382 593 ex
410 556 593 601 pluribus
622 556 806 600 partibus
835 556 952 591 simul
991 556 1266 592 existentibus
1300 555 1563 591 coniunctum
1601 556 1641 591 et
1680 555 1720 591 in
1757 555 1864 591 fictis
1901 556 1993 591 sub-

329 621 493 657 stantiis
519 621 638 657 fictas
666 621 943 669 proprietates
970 621 1220 656 attendimus
1255 630 1332 656 nec
1364 622 1504 656 tamen
1532 620 1770 664 decipimur,
1798 620 1893 664 quia
1925 619 1992 660 ita,

330 689 373 722 ut
401 687 642 732 cogitamus,
671 695 766 721 esse
794 696 876 722 non
905 686 1121 721 credimus.
1174 684 1367 721 Similiter
1388 686 1428 720 et
1455 685 1687 721 orationem
1708 694 1800 720 cum
1821 684 1993 720 dicimus

329 752 393 787 vel
423 751 693 796 quantitatem
729 751 948 786 discretam
985 760 1078 786 esse
1107 751 1172 786 vel
1208 751 1336 785 totum
1370 752 1494 794 atque
1530 750 1666 794 aliquo
1701 749 1823 785 modo
1861 749 1911 786 de
1948 759 1993 786 se

329 817 419 861 ipsa
456 817 507 852 ad
549 816 854 851 similitudinem
895 815 1163 851 existentium
1202 815 1416 859 loquimur,
1457 815 1574 859 quasi
1613 814 1862 850 existentem
1901 824 1993 850 eam

327 881 577 917 attendimus
606 883 646 916 et
671 881 789 925 quasi
816 881 1112 925 proprietatem
1140 880 1316 924 aliquam
1345 881 1414 916 aut
1441 889 1585 915 veram
1619 879 1845 915 essentiam
1878 879 1919 915 in
1946 889 1992 915 se

327 947 561 982 habentem.
614 945 680 981 Sic
708 946 814 981 enim
843 946 894 981 ad
923 945 1150 981 doctrinam
1181 954 1307 989 saepe
1336 945 1386 980 de
1413 945 1539 980 rebus
1567 944 1687 980 aliter
1713 946 1840 989 agunt
1865 944 1992 989 philo-

327 1012 457 1056 sophi,
497 1020 618 1055 quam
656 1020 751 1046 sese
787 1010 847 1046 rei
894 1010 1048 1046 veritas
1092 1011 1254 1050 habeat,
1294 1010 1398 1045 sicut
1433 1010 1522 1054 ipse
1560 1009 1876 1050 Macrobiusl,
1923 1009 1992 1053 qui

326 1076 617 1112 mathematica
645 1075 850 1120 quaedam
878 1076 919 1110 et
952 1075 1195 1110 doctrinalia
1231 1084 1406 1119 corpora
1443 1084 1496 1110 ex
1533 1074 1715 1110 numeris
1753 1074 1991 1110 considerat

327 1143 367 1177 et
394 1140 639 1185 superficies
667 1139 869 1184 quasdam
896 1139 962 1174 vel
998 1139 1129 1175 lineas
1162 1139 1203 1174 in
1237 1139 1419 1175 numeris
1453 1139 1652 1184 assignat,
1681 1148 1787 1183 quae
1824 1138 1990 1174 omnino

326 1205 365 1240 in
395 1205 454 1240 eis
483 1213 565 1239 non
594 1205 698 1239 sunt.

469 1268 606 1304 Solet
646 1267 820 1312 quaeri
860 1267 916 1303 de
956 1268 1133 1303 natura
1173 1267 1299 1308 soni,
1346 1268 1505 1303 utrum
1552 1267 1752 1303 scilicet
1790 1267 1989 1303 auditus

328 1335 461 1370 sicut
500 1335 547 1369 et
584 1333 721 1368 visus
759 1334 949 1368 remota
988 1341 1181 1377 quoque
1221 1332 1474 1377 concipiat
1513 1342 1571 1368 an
1616 1333 1805 1368 tantum
1848 1341 1991 1377 prae-

326 1400 527 1436 sentia2.
581 1398 661 1434 Sed
706 1398 869 1433 videtur
908 1398 1038 1443 magis
1076 1398 1129 1433 ad
1168 1398 1371 1433 rationem
1411 1398 1626 1437 accedere,
1671 1399 1714 1433 ut
1752 1397 1992 1442 praesentia

325 1467 494 1501 tantum.
522 1463 640 1500 sicuti
667 1463 708 1499 in
736 1462 887 1499 ceteris
916 1463 1108 1498 sensibus
1138 1463 1300 1498 videtur
1327 1472 1421 1498 esse
1442 1464 1608 1507 praeter
1627 1462 1668 1497 in
1688 1461 1791 1498 visu.
1841 1462 1992 1498 Foetor

329 1530 437 1565 enim
466 1529 695 1567 cadaveris,
729 1528 807 1563 nisi
834 1528 914 1563 alio
942 1527 1104 1563 foetore
1132 1528 1232 1568 ,aera
1259 1527 1448 1563 inficeret
1475 1527 1543 1572 qui
1568 1527 1736 1563 naribus
1764 1526 1990 1569 attrahitur,

326 1604 548 1639 numquam
585 1603 661 1638 per
697 1592 891 1628 oliactum
928 1592 1322 1637 deprehenderetur.
1380 1592 1498 1628 Unde
1536 1592 1661 1628 etiam
1700 1591 1908 1637 contingit,
1947 1593 1991 1627 ut

324 1660 413 1701 <in>
439 1659 508 1694 illa
534 1660 651 1703 parte
678 1658 718 1693 in
747 1667 868 1702 quam
896 1659 1045 1693 ventus
1073 1657 1201 1702 agitat
1227 1658 1379 1697 aerem,
1412 1656 1548 1693 foetor
1573 1656 1752 1692 maxime
1779 1656 1990 1692 sentiatur.

327 1724 521 1761 Similiter
547 1725 587 1758 et
614 1733 697 1758 vox
723 1723 764 1757 in
792 1722 859 1758 illa
892 1723 1008 1767 parte
1042 1722 1223 1757 maxime
1256 1722 1418 1757 auditur
1444 1722 1496 1757 ad
1524 1731 1646 1766 quam
1674 1723 1823 1757 ventus
1850 1721 1990 1757 aerem

327 1789 470 1825 defert.
521 1788 605 1823 Aer
631 1787 770 1832 itaque
804 1787 992 1822 oratione
1030 1787 1207 1822 emissus
1245 1788 1286 1822 et
1322 1796 1478 1822 sonans
1514 1786 1618 1822 alios
1657 1787 1779 1822 aeres
1813 1785 1990 1831 percutit

326 1855 471 1899 eisque
487 1853 725 1889 consimiles
748 1862 875 1888 sonus
892 1852 1061 1893 confert,
1085 1851 1153 1896 qui
1173 1851 1410 1896 circumque
1433 1851 1570 1887 diffusi
1591 1851 1643 1887 ad
1663 1861 1786 1887 aures
1808 1851 1991 1887 diverso-

324 1929 412 1955 rum
440 1918 611 1954 veniunt
644 1919 685 1953 et
717 1918 773 1953 ita
806 1917 1038 1953 audiuntur.
1090 1917 1208 1952 Unde
1248 1917 1564 1952 Priscianus3
1603 1916 1653 1952 de
1692 1926 1797 1952 voce
1837 1923 1987 1962 agens:

325 1984 436 2029 ‚ipsa
464 1982 607 2027 inquit,
635 1981 766 2027 tangit
792 1985 958 2022 aurem‘,
987 1983 1027 2016 et
1047 1981 1289 2016 Boethius
1316 1981 1363 2016 in
1384 1981 1502 2016 Arte
1529 1981 1744 2016 musica*
1765 1981 1911 2016 dicitur
1937 1981 1989 2017 ad

323 2050 514 2084 naturam
541 2047 656 2082 vocis
694 2047 1059 2082 demonstrandam
1093 2046 1412 2081 convenientem
1450 2045 1757 2081 similitudinem
1792 2045 1989 2081 inducere

325 2114 375 2149 de
402 2113 540 2157 lapillo
568 2111 752 2156 proiecto
781 2111 821 2146 in
854 2120 973 2155 aqua,
1008 2111 1076 2155 qui
1113 2111 1206 2146 dum
1247 2120 1397 2155 aquam
1432 2110 1620 2155 percutit,
1661 2119 1783 2155 quam
1819 2110 1988 2151 invenit,

323 2177 413 2222 ipsa
452 2176 590 2211 statim
633 2184 741 2219 aqua
777 2184 988 2219 percussa.
1026 2175 1119 2210 dum
1163 2174 1203 2209 in
1244 2175 1385 2210 orbem
1426 2173 1675 2215 diffunditur,
1715 2174 1988 2210 orbicularem

323 2242 498 2277 formam
524 2240 697 2276 assumit
724 2239 925 2284 undisque
953 2239 1043 2274 aliis
1070 2248 1173 2283 quas
1201 2239 1253 2274 ad
1280 2238 1392 2283 ripas
1419 2238 1600 2283 impellit,
1634 2238 1889 2274 consimilem
1910 2238 1988 2274 for-

323 2315 431 2342 mam
453 2305 648 2345 attribuit,
670 2305 765 2340 dum
786 2304 876 2349 ipse
898 2313 1063 2348 quoque
1084 2304 1125 2339 in
1147 2304 1290 2339 orbem
1311 2303 1560 2339 diffunditur.
1607 2302 1672 2339 Sic
1694 2305 1734 2339 et
1754 2304 1827 2339 aer
1847 2304 1988 2339 aerem

322 2370 492 2415 impellit
520 2371 560 2405 et
587 2369 844 2405 consimilem
871 2378 1018 2404 sonum
1047 2368 1085 2404 ei
1112 2368 1282 2409 confert,
1304 2368 1373 2412 qui
1395 2368 1567 2403 diffusus
1589 2368 1640 2404 ad
1663 2377 1785 2404 aures
1806 2368 1989 2404 diverso-

322 2445 411 2470 rum
439 2434 631 2479 pervenit
656 2443 730 2479 per
756 2435 910 2478 partes,
939 2442 1045 2478 quae
1073 2433 1259 2479 singulae
1287 2433 1545 2468 consimilem
1573 2442 1719 2468 sonum
1746 2433 1911 2474 habent,
1948 2434 1988 2469 et

322 2499 380 2534 ita
415 2502 487 2540 (a)
525 2498 702 2534 diversis
739 2497 1000 2533 adstantibus
1036 2506 1120 2532 vox
1158 2497 1316 2537 eadem,
1352 2497 1392 2532 id
1429 2498 1492 2532 est
1531 2496 1755 2532 consimilis
1794 2496 1835 2532 in
1871 2506 1986 2537 sono,

322 2563 454 2598 audiri
481 2562 628 2598 dicitur
655 2563 696 2597 et
723 2561 775 2597 ad
802 2570 926 2597 aures
955 2561 1213 2596 diversorum
1241 2560 1473 2605 pervenire.
1526 2560 1666 2604 Itaque
1688 2560 1851 2596 auditus
1869 2569 1986 2605 prae-

323 2627 459 2663 sentia
485 2628 642 2662 tantum
670 2626 856 2671 percipit,
883 2635 966 2661 non
999 2627 1169 2661 remota.
1220 2624 1338 2661 Unde
1373 2625 1496 2660 etiam
1533 2634 1661 2670 saepe
1698 2624 1909 2671 contingit,
1943 2626 1987 2660 ut

465 2757 484 2788 2
513 2757 597 2788 dicit
624 2758 654 2787 A
778 2757 796 2787 5
825 2757 942 2788 factas
969 2756 999 2788 A
1138 2756 1180 2787 20
1209 2756 1396 2795 olphatum
1422 2756 1451 2788 A
1587 2756 1628 2788 21
1657 2756 1755 2788 illam
1781 2756 1923 2796 partem
1950 2755 1985 2787 in

324 2825 396 2856 qua
421 2816 449 2848 A
550 2817 592 2848 24
621 2816 847 2847 consimilem
874 2824 1002 2847 sonum
1029 2815 1058 2847 A
1158 2815 1200 2846 26
1229 2813 1325 2854 ipsa]
1355 2816 1492 2855 quippe
1518 2815 1547 2847 A

464 2896 475 2917 1
504 2896 778 2935 Macrobius,
808 2896 947 2928 Comm.
975 2897 1015 2928 in
1042 2896 1170 2928 Somn.
1198 2896 1293 2936 Seip.
1323 2896 1344 2928 l.
1373 2905 1412 2933 c.,
1439 2905 1473 2936 p.
1503 2894 1617 2928 50224.

462 2955 476 2976 ‘-’
502 2956 664 2993 Abael.,
692 2956 858 2993 Dialecl„
886 2964 920 2995 p.
951 2956 1026 2987 192.

461 3013 475 3035 3
501 3015 648 3053 Prisc,
678 3015 766 3046 [nst.
794 3022 956 3054 gramm.
986 3014 1006 3046 l.
1035 3023 1061 3046 e.
1090 3014 1112 3051 I,
1141 3023 1174 3053 p.
1203 3009 1345 3045 61549,

462 3072 475 3093 4
502 3073 665 3111 Boeth,
694 3073 746 3105 De
774 3074 853 3104 arte
881 3082 975 3105 mus.
1003 3073 1016 3104 Ι
1044 3073 1085 3104 14
1114 3071 1184 3110 (ed.
1207 3072 1246 3103 G.
1269 3072 1513 3110 Friedlein‚
1535 3072 1697 3112 Lipsiae,
1718 3072 1854 3104 Teubn.
1880 3072 1981 3121 1867,

322 3140 355 3172 p.
385 3131 478 3169 200).
530 3132 693 3169 Abael.,
721 3132 887 3169 Dictlecl„
916 3141 949 3172 p.
980 3132 1151 3163 193-—94.

2014 949 2046 973 10

2013 1278 2045 1303 15

2011 1599 2044 1624 20

2008 1922 2042 1948 25

2008 2243 2042 2268 30

2006 2568 2040 2594 35
