2200 3387
536 234 566 268 2.
596 234 660 267 llic
688 234 844 267 (ilosseu
874 244 915 267 zu
944 234 1013 267 den
1044 234 1277 276 lx'atcgorieu.
1334 254 1341 256 -
1381 236 1430 267 bv
1460 236 1633 268 relativis.
1861 234 1928 268 219

249 332 413 370 stantia.
443 332 537 376 quia
566 333 691 369 babet
720 333 867 368 multas
895 333 1128 377 qualitates.
1153 333 1278 369 multa
1298 333 1435 377 (unalia
1458 336 1570 369 recte
1593 333 1751 371 (licitur,
1774 333 1927 378 quippe

250 397 465 442 pluralitas
496 398 704 433 nominum
735 408 814 434 non
845 401 908 433 cst
937 398 1012 434 nisi
1042 398 1269 434 secundum
1308 399 1580 443 pluralitatem
1623 399 1925 434 nominatorum

251 472 327 498 nec
356 462 467 498 multi
498 465 637 508 patres
666 463 858 499 dicuntur
885 463 1023 499 affecti
1059 464 1196 499 multis
1232 463 1563 508 paternitatibus.
1602 464 1674 499 sed
1714 465 1838 500 multa
1873 466 1927 500 al—

249 528 357 564 lecta
399 528 726 573 paternitatibus.
780 529 872 564 sed
914 529 1135 564 tortasse
1177 529 1388 565 dicetur.
1431 529 1538 573 quod
1580 529 1675 565 licet
1715 530 1765 564 ad
1804 530 1925 564 alium

213 603 228 624 .·.
251 594 376 630 l'ilium
407 594 603 638 respiciat
632 595 766 632 modo,
805 604 884 630 non
921 596 1058 630 tamen
1099 594 1192 630 ideo
1231 595 1357 630 habet
1396 595 1541 630 multas
1579 595 1816 632 relationes.
1854 596 1926 631 sed

251 668 372 694 unam
404 669 478 704 per
505 669 626 704 quam
657 660 707 695 ad
739 660 863 695 multa
893 659 1063 704 respicit
1092 669 1168 695 nec
1190 660 1391 704 contingit
1415 662 1584 704 propter
1606 660 1798 696 diversos
1820 660 1928 696 lilios

249 724 440 760 diversas
470 724 608 760 inesse
632 725 918 769 paternitates.
947 725 1043 769 quia
1065 735 1118 760 ex
1147 735 1228 760 una
1258 727 1394 770 potest
1415 725 1467 760 ad
1490 725 1681 761 diversos
1705 726 1927 769 respicere.

249 788 341 824 Sed
371 789 427 824 ad
458 789 546 824 boc
575 789 704 826 dico,
733 789 840 833 quod
870 789 1061 824 similiter
1082 789 1294 834 quodlibet
1317 791 1443 824 totum
1469 789 1532 825 vel
1556 789 1768 834 quodlibet
1795 799 1927 835 genus

250 855 442 898 respectu
471 854 725 898 singularum
756 854 988 899 specierum
1020 854 1083 889 vel
1116 855 1288 899 partium
1319 855 1510 890 diversas
1545 855 1670 890 babet
1700 855 1927 890 totalitates

211 931 228 947 υ
250 919 312 954 vel
343 919 652 964 generalitates.
708 919 823 955 l'nde
861 922 1002 956 totum.
1039 920 1148 964 quod
1187 920 1290 955 duas
1330 922 1485 955 tantum
1529 920 1653 956 babet
1694 924 1833 965 partes
1875 930 1927 956 ex

247 984 426 1019 (liversis
455 984 728 1019 totalitatibus
757 984 948 1020 divorsas
978 984 1147 1029 respicit
1169 987 1320 1029 partes.
1374 983 1512 1024 Quare
1536 985 1821 1021 necessarium
1846 995 1925 1020 non

247 1049 420 1086 videtur.
449 1051 490 1085 ut
520 1049 771 1094 partialitate
801 1050 920 1085 unius
943 1050 1071 1094 partis
1094 1050 1306 1086 destructa
1329 1052 1455 1086 totum
1480 1051 1614 1095 ipsum
1638 1051 1805 1086 omnino
1828 1053 1928 1086 tota—

247 1114 400 1150 litatem
430 1115 601 1151 amittat.
630 1115 707 1150 nisi
738 1115 844 1151 illam
875 1118 1030 1151 tantum
1061 1125 1134 1160 per
1162 1126 1282 1160 quam
1308 1116 1561 1160 respiciebat
1580 1116 1630 1152 ad
1656 1126 1746 1152 eam
1770 1118 1925 1152 tantum

248 1181 405 1224 partem
423 1189 531 1224 quae
555 1180 767 1215 destructa
789 1182 863 1215 est.
919 1180 1069 1216 l'oterit
1093 1181 1232 1224 itaque
1254 1182 1383 1215 totum
1408 1180 1412 1223 l
1438 1190 1534 1216 esse
1558 1190 1639 1216 una
1663 1181 1785 1216 ctiam
1811 1184 1927 1225 parte
1973 1212 1979 1217 .
2012 1191 2017 1198 ·

209 1246 499 1281 5contentum.
537 1246 645 1289 quod
675 1245 844 1280 omnino
873 1246 1020 1281 falsum
1051 1248 1125 1283 est.
1178 1246 1258 1281 Sed
1298 1246 1484 1290 prolecto
1524 1246 1618 1282 licet
1656 1256 1708 1282 ex
1748 1247 1924 1282 (liversis

247 1310 517 1346 totalitatibus
545 1311 736 1346 diversas
767 1312 906 1355 partes
937 1311 1145 1356 respiciat.
1175 1320 1316 1346 verum
1347 1313 1410 1346 est
1438 1313 1576 1347 tamen
1608 1321 1689 1347 una
1719 1314 1835 1356 parte
1858 1312 1925 1347 de-

246 1378 403 1411 structa
431 1385 595 1411 omnem
626 1376 750 1412 totius
779 1376 1077 1421 proprietatem
1106 1377 1262 1421 perimi.
1301 1386 1374 1421 pro
1413 1386 1463 1411 eo
1502 1377 1661 1412 scilicet
1698 1377 1806 1421 quod
1845 1387 1925 1413 una

248 1443 363 1485 parte
386 1443 624 1476 contentum
647 1444 774 1477 totum
799 1451 894 1477 esse
917 1452 998 1477 non
1022 1444 1171 1486 potest.
1220 1441 1303 1477 Nec
1325 1444 1389 1477 est
1412 1442 1726 1480 inconveniens,
1750 1443 1782 1477 si
1806 1442 1922 1478 simul

245 1506 283 1541 in
314 1508 461 1542 natura
489 1516 766 1551 unaquaeque
794 1507 977 1542 totalitas
1005 1507 1218 1543 cuiusdam
1244 1507 1367 1542 totius
1389 1517 1478 1542 cum
1504 1517 1754 1552 unaquaque
1778 1508 1925 1552 partia-

191 1577 225 1598 ·‘0
246 1571 564 1616 litate·partiun1
591 1582 759 1608 suarum
789 1573 851 1608 sit.

389 1636 572 1677 Quaeri
601 1637 725 1673 etiam
757 1638 874 1674 solet.
914 1640 1047 1674 utrum
1075 1639 1264 1682 aequale.
1303 1638 1448 1677 simile,
1487 1639 1753 1676 contrarium.
1790 1639 1925 1675 relati-

246 1712 339 1738 vum
369 1705 410 1739 et
438 1703 670 1739 huiusmodi
701 1704 916 1749 vocabula.
945 1713 1053 1748 quae
1088 1704 1138 1739 ad
1169 1714 1214 1739 se
1245 1705 1335 1749 ipsa
1364 1704 1610 1742 referuntur.
1639 1705 1816 1740 relativa
1843 1704 1925 1740 sint

246 1768 284 1803 in
314 1763 631 1813 significatione.
661 1769 770 1813 quod
800 1778 886 1803 nos
916 1769 1081 1813 quidem
1111 1770 1392 1805 concedimus,
1446 1770 1676 1805 Similitudo
1705 1770 1812 1805 enim
1845 1780 1925 1805 una

245 1835 309 1869 est
336 1833 502 1878 species
531 1834 746 1869 relationis
769 1834 937 1869 diversa
959 1835 1179 1870 continens
1201 1834 1423 1871 individua.
1447 1835 1675 1871 secundum
1699 1844 1805 1880 quae
1827 1844 1924 1871 sese

191 1908 224 1931 25·
246 1899 434 1935 subiecta
461 1899 700 1944 respiciunt.
754 1899 871 1935 Unde
900 1902 939 1935 et
967 1899 1110 1937 simile.
1143 1900 1252 1944 quod
1287 1901 1339 1936 ab
1379 1910 1429 1936 ea
1466 1901 1670 1945 sumptum
1711 1902 1784 1937 est.
1823 1901 1924 1937 rela-

223 1964 371 1999 ·tivum
402 1964 440 2000 in
469 1965 777 2009 significatione
807 1975 888 2001 non
918 1966 1049 2001 solum
1080 1966 1403 2006 constructione,
1440 1976 1521 2010 qua
1548 1965 1599 2002 ad
1629 1975 1675 2002 se
1704 1966 1833 2010 ipsum
1864 1976 1924 2001 re-

244 2030 492 2074 ciprocatur.
547 2030 655 2066 Idem
685 2031 736 2066 de
764 2031 929 2075 aequali
959 2032 999 2066 et
1027 2030 1180 2067 ceteris
1208 2031 1490 2067 concedimus.
1544 2031 1624 2067 Sed
1655 2032 1925 2077 opponitur

244 2095 353 2140 quod
383 2095 523 2131 omnia
560 2095 735 2132 relativa
765 2096 872 2132 inter
905 2105 951 2132 se
986 2097 1189 2132 vocabula
1223 2096 1263 2132 in
1305 2099 1498 2141 respectu
1541 2097 1687 2132 saltem
1730 2097 1925 2133 convenit

245 2170 341 2197 esse
371 2161 576 2206 opposita.
605 2162 833 2197 secundum
864 2162 973 2206 quod
1003 2163 1054 2197 ab
1083 2162 1386 2198 Aristotele¹
1418 2172 1500 2198 una
1522 2162 1688 2207 species
1717 2163 1924 2207 opposito-

189 2241 224 2261 η.»
245 2235 331 2261 rum
362 2226 537 2262 relativa
565 2227 767 2263 dicuntur.
805 2227 921 2263 iuxta
958 2237 1079 2272 quam
1119 2227 1242 2263 etiam
1283 2230 1471 2263 naturam
1515 2228 1618 2263 baec
1655 2228 1920 2263 relativorum

244 2292 386 2336 regula
413 2292 662 2337 assignatur.
691 2293 800 2337 quod
830 2293 865 2328 si
892 2293 1045 2338 aliquid
1075 2293 1340 2329 relativorum
1365 2293 1563 2329 convenit
1584 2293 1707 2329 alicui
1729 2296 1920 2338 respectu

244 2357 428 2394 alieuius,
456 2358 628 2393 alterum
658 2358 877 2393 relativum
905 2368 987 2394 non
1017 2359 1214 2394 convenit
1242 2358 1377 2394 eidem
1401 2362 1595 2403 respectu
1619 2359 1819 2395 eiusdem.
1873 2359 1922 2394 At

244 2432 344 2459 vero
371 2422 504 2458 simile
538 2426 578 2459 et
605 2423 748 2459 simile.
785 2433 875 2459 cum
911 2424 1017 2459 idem
1048 2424 1130 2459 sint
1167 2425 1332 2468 penitus
1371 2434 1534 2460 nomen.
1570 2424 1721 2460 nullam
1751 2424 1920 2460 omnino

244 2488 549 2533 oppositionem
580 2488 743 2524 babent.
796 2488 841 2524 Et
864 2499 1007 2525 verum
1031 2492 1095 2525 est
1114 2489 1291 2534 quidem.
1313 2489 1407 2534 quia
1430 2499 1508 2526 nec
1534 2490 1709 2526 relativa
1731 2490 1922 2525 dicuntur

188 2567 222 2587 ::.-.
244 2553 320 2588 nisi
347 2554 579 2598 pluralitate
608 2554 938 2599 significationis.
992 2554 1110 2590 I'nde
1138 2555 1272 2590 simile
1295 2557 1335 2591 et
1358 2555 1491 2590 simile
1515 2555 1689 2591 relativa
1712 2555 1923 2600 pluraliter

245 2618 321 2653 dici
353 2629 432 2654 non
462 2619 669 2656 convenit.
698 2620 770 2655 scd
802 2629 924 2655 unum
964 2622 1120 2655 tantum
1156 2623 1219 2655 est
1257 2620 1473 2656 relativum
1516 2620 1775 2657 vocabulum.
1813 2620 1921 2665 quod

243 2684 293 2719 ad
323 2694 367 2719 se
405 2684 536 2728 ipsum
573 2685 611 2719 in
646 2685 957 2721 constructione
992 2686 1287 2730 reciprocatur.
1323 2695 1430 2730 quae
1465 2686 1630 2730 quidem
1667 2686 1920 2722 constructio

245 2749 323 2784 vim
354 2749 568 2784 relationis
598 2749 712 2785 iuxta
739 2750 1087 2794 significationem
1117 2751 1297 2786 nominis
1320 2751 1525 2795 exprimit.
1577 2751 1664 2786 Non
1695 2753 1832 2786 autem
1862 2761 1921 2786 re-

244 2814 470 2859 ciprocatio
488 2815 808 2850 constructionis
831 2815 910 2850 vim
936 2815 1150 2851 relationis
1174 2816 1324 2860 aperit;
1354 2816 1519 2851 diversa
1544 2825 1722 2859 namque
1744 2816 1920 2850 diversis

220 2879 378 2915 ·mo‹lis
407 2880 457 2915 ad
488 2890 532 2914 sc
572 2883 710 2915 mutuo
749 2880 1026 2924 assignantur.
1065 2881 1145 2916 alia
1182 2880 1346 2924 quidem
1386 2881 1422 2915 vi
1462 2881 1687 2917 relationis.
1727 2884 1767 2916 ut
1804 2882 1922 2925 pater

244 2945 313 2980 l'ilii
342 2946 460 2989 pater
487 2945 524 2980 id
555 2945 765 2981 insinuare
795 2945 967 2981 videtur.
1005 2946 1111 2990 quod
1149 2956 1200 2981 cx
1240 2956 1289 2981 eo
1328 2947 1435 2990 quod
1478 2949 1595 2990 pater
1631 2949 1705 2982 est.
1743 2946 1820 2981 boc.
1858 2949 1919 2981 est

388 3056 405 3087 7
434 3056 602 3087 diversas
635 3057 659 3086 .l
798 3057 839 3087 lo
868 3056 926 3093 adl
955 3067 975 3087 a
1009 3058 1031 3086 ‚vl

390 3125 395 3144 ¹
429 3125 575 3156 Bovill.
607 3125 627 3156 l.
656 3134 695 3159 ι’..
727 3134 758 3164 p.
789 3126 852 3155 :3⁴31
874 3125 908 3155 llv
