<?xml version="1.0" encoding="UTF-8"?>
<!DOCTYPE html PUBLIC "-//W3C//DTD XHTML 1.0 Transitional//EN"
    "http://www.w3.org/TR/xhtml1/DTD/xhtml1-transitional.dtd">
<html xmlns="http://www.w3.org/1999/xhtml" xml:lang="en" lang="en">
 <head>
  <title>
</title>
<meta http-equiv="Content-Type" content="text/html;charset=utf-8" />
  <meta name='ocr-system' content='tesseract 3.04.00' />
  <meta name='ocr-capabilities' content='ocr_page ocr_carea ocr_par ocr_line ocrx_word'/>
</head>
<body>
  <div class='ocr_page' id='page_1' title='image "./philosophischesc01abeluoft_0097.png"; bbox 0 0 2200 3387; ppageno 0'>
   <div class='ocr_carea' id='block_1_1' title="bbox 515 220 1867 264">
    <p class='ocr_par' dir='ltr' id='par_1_1' title="bbox 515 220 1867 264">
     <span class='ocr_line' id='line_1_1' title="bbox 515 220 1867 264; baseline -0.003 -6"><span class='ocrx_word' id='word_1_1' title='bbox 515 228 540 258; x_wconf 90' lang='lat' dir='ltr'>l.</span> <span class='ocrx_word' id='word_1_2' title='bbox 571 224 634 258; x_wconf 85' lang='lat' dir='ltr'>Die</span> <span class='ocrx_word' id='word_1_3' title='bbox 662 225 816 257; x_wconf 69' lang='lat' dir='ltr'>(noem-n</span> <span class='ocrx_word' id='word_1_4' title='bbox 846 233 888 256; x_wconf 84' lang='lat' dir='ltr'>zu</span> <span class='ocrx_word' id='word_1_5' title='bbox 920 224 1150 264; x_wconf 69' lang='lat' dir='ltr'>Porphyrius.</span> <span class='ocrx_word' id='word_1_6' title='bbox 1184 243 1192 245; x_wconf 98' lang='lat'>-</span> <span class='ocrx_word' id='word_1_7' title='bbox 1253 223 1302 256; x_wconf 69' lang='lat' dir='ltr'>lle</span> <span class='ocrx_word' id='word_1_8' title='bbox 1330 224 1549 256; x_wconf 67' lang='lat' dir='ltr'>differentia.</span> <span class='ocrx_word' id='word_1_9' title='bbox 1829 220 1867 255; x_wconf 67' lang='lat' dir='ltr'>sl</span> 
     </span>
    </p>
   </div>
   <div class='ocr_carea' id='block_1_2' title="bbox 144 315 1956 2828">
    <p class='ocr_par' dir='ltr' id='par_1_2' title="bbox 200 315 1873 556">
     <span class='ocr_line' id='line_1_2' title="bbox 346 315 1873 361; baseline -0.001 -9"><span class='ocrx_word' id='word_1_10' title='bbox 346 316 405 352; x_wconf 81' lang='lat' dir='ltr'>Ex</span> <span class='ocrx_word' id='word_1_11' title='bbox 432 317 494 352; x_wconf 85' lang='lat' dir='ltr'>his</span> <span class='ocrx_word' id='word_1_12' title='bbox 521 316 660 361; x_wconf 86' lang='lat' dir='ltr'>itaque</span> <span class='ocrx_word' id='word_1_13' title='bbox 689 315 948 351; x_wconf 89' lang='lat' dir='ltr'>convincitur</span> <span class='ocrx_word' id='word_1_14' title='bbox 975 315 1180 350; x_wconf 84' lang='lat' dir='ltr'>hominem</span> <span class='ocrx_word' id='word_1_15' title='bbox 1211 324 1291 350; x_wconf 88' lang='lat' dir='ltr'>non</span> <span class='ocrx_word' id='word_1_16' title='bbox 1321 324 1417 350; x_wconf 83' lang='lat' dir='ltr'>esse</span> <span class='ocrx_word' id='word_1_17' title='bbox 1445 315 1596 350; x_wconf 83' lang='lat' dir='ltr'>animal</span> <span class='ocrx_word' id='word_1_18' title='bbox 1620 317 1660 350; x_wconf 88' lang='lat' dir='ltr'>et</span> <span class='ocrx_word' id='word_1_19' title='bbox 1687 315 1873 352; x_wconf 69' lang='lat' dir='ltr'>sormam.</span> 
     </span>
     <span class='ocr_line' id='line_1_3' title="bbox 200 379 1873 426; baseline -0.001 -9"><span class='ocrx_word' id='word_1_20' title='bbox 200 381 274 417; x_wconf 90' lang='lat' dir='ltr'>sed</span> <span class='ocrx_word' id='word_1_21' title='bbox 304 381 440 426; x_wconf 88' lang='lat' dir='ltr'>potius</span> <span class='ocrx_word' id='word_1_22' title='bbox 473 380 625 417; x_wconf 82' lang='lat' dir='ltr'>animal</span> <span class='ocrx_word' id='word_1_23' title='bbox 659 381 879 415; x_wconf 78' lang='lat' dir='ltr'>formatum</span> <span class='ocrx_word' id='word_1_24' title='bbox 907 389 1015 415; x_wconf 82' lang='lat' dir='ltr'>esse.</span> <span class='ocrx_word' id='word_1_25' title='bbox 1068 379 1187 414; x_wconf 82' lang='lat' dir='ltr'>Aliud</span> <span class='ocrx_word' id='word_1_26' title='bbox 1221 382 1285 414; x_wconf 84' lang='lat' dir='ltr'>est</span> <span class='ocrx_word' id='word_1_27' title='bbox 1322 379 1472 414; x_wconf 86' lang='lat' dir='ltr'>animal</span> <span class='ocrx_word' id='word_1_28' title='bbox 1512 379 1669 414; x_wconf 77' lang='lat' dir='ltr'>liabens</span> <span class='ocrx_word' id='word_1_29' title='bbox 1706 379 1873 416; x_wconf 71' lang='lat' dir='ltr'>formas,</span> 
     </span>
     <span class='ocr_line' id='line_1_4' title="bbox 201 444 1873 488; baseline -0.002 -7"><span class='ocrx_word' id='word_1_30' title='bbox 201 446 310 482; x_wconf 82' lang='lat' dir='ltr'>aliud</span> <span class='ocrx_word' id='word_1_31' title='bbox 339 446 490 482; x_wconf 85' lang='lat' dir='ltr'>animal</span> <span class='ocrx_word' id='word_1_32' title='bbox 519 447 559 481; x_wconf 88' lang='lat' dir='ltr'>et</span> <span class='ocrx_word' id='word_1_33' title='bbox 593 446 764 482; x_wconf 72' lang='lat' dir='ltr'>formae,</span> <span class='ocrx_word' id='word_1_34' title='bbox 801 445 907 480; x_wconf 86' lang='lat' dir='ltr'>sicut</span> <span class='ocrx_word' id='word_1_35' title='bbox 939 444 1048 480; x_wconf 87' lang='lat' dir='ltr'>aliud</span> <span class='ocrx_word' id='word_1_36' title='bbox 1083 447 1145 480; x_wconf 83' lang='lat' dir='ltr'>est</span> <span class='ocrx_word' id='word_1_37' title='bbox 1185 444 1345 480; x_wconf 81' lang='lat' dir='ltr'>liabens</span> <span class='ocrx_word' id='word_1_38' title='bbox 1381 454 1568 488; x_wconf 78' lang='lat' dir='ltr'>cappam.</span> <span class='ocrx_word' id='word_1_39' title='bbox 1603 444 1712 479; x_wconf 87' lang='lat' dir='ltr'>aliud</span> <span class='ocrx_word' id='word_1_40' title='bbox 1752 444 1873 479; x_wconf 84' lang='lat' dir='ltr'>bomo</span> 
     </span>
     <span class='ocr_line' id='line_1_5' title="bbox 200 509 1871 556; baseline -0.001 -10"><span class='ocrx_word' id='word_1_41' title='bbox 200 514 240 546; x_wconf 88' lang='lat' dir='ltr'>et</span> <span class='ocrx_word' id='word_1_42' title='bbox 261 521 407 556; x_wconf 81' lang='lat' dir='ltr'>cappa.</span> <span class='ocrx_word' id='word_1_43' title='bbox 430 511 492 546; x_wconf 85' lang='lat' dir='ltr'>vel</span> <span class='ocrx_word' id='word_1_44' title='bbox 517 511 638 546; x_wconf 82' lang='lat' dir='ltr'>homo</span> <span class='ocrx_word' id='word_1_45' title='bbox 661 510 906 546; x_wconf 88' lang='lat' dir='ltr'>coniunctus</span> <span class='ocrx_word' id='word_1_46' title='bbox 928 510 1074 554; x_wconf 85' lang='lat' dir='ltr'>parieti</span> <span class='ocrx_word' id='word_1_47' title='bbox 1096 519 1217 554; x_wconf 87' lang='lat' dir='ltr'>quam</span> <span class='ocrx_word' id='word_1_48' title='bbox 1244 509 1364 544; x_wconf 83' lang='lat' dir='ltr'>bomo</span> <span class='ocrx_word' id='word_1_49' title='bbox 1387 512 1427 544; x_wconf 88' lang='lat' dir='ltr'>et</span> <span class='ocrx_word' id='word_1_50' title='bbox 1450 510 1603 554; x_wconf 80' lang='lat' dir='ltr'>paries;</span> <span class='ocrx_word' id='word_1_51' title='bbox 1632 510 1736 544; x_wconf 73' lang='lat' dir='ltr'>llaec</span> <span class='ocrx_word' id='word_1_52' title='bbox 1765 509 1871 544; x_wconf 87' lang='lat' dir='ltr'>enim</span> 
     </span>
    </p>

    <p class='ocr_par' dir='ltr' id='par_1_3' title="bbox 163 574 1876 877">
     <span class='ocr_line' id='line_1_6' title="bbox 163 574 1873 619; baseline -0.001 -8"><span class='ocrx_word' id='word_1_53' title='bbox 163 581 179 603; x_wconf 57' lang='grc' dir='ltr'>Γ·</span> <span class='ocrx_word' id='word_1_54' title='bbox 201 576 282 611; x_wconf 91' lang='lat' dir='ltr'>duo</span> <span class='ocrx_word' id='word_1_55' title='bbox 309 577 414 613; x_wconf 91' lang='lat' dir='ltr'>sunt.</span> <span class='ocrx_word' id='word_1_56' title='bbox 443 575 539 611; x_wconf 90' lang='lat' dir='ltr'>illud</span> <span class='ocrx_word' id='word_1_57' title='bbox 569 585 694 611; x_wconf 88' lang='lat' dir='ltr'>unum</span> <span class='ocrx_word' id='word_1_58' title='bbox 717 585 770 611; x_wconf 80' lang='lat' dir='ltr'>ex</span> <span class='ocrx_word' id='word_1_59' title='bbox 799 575 871 610; x_wconf 87' lang='lat' dir='ltr'>eis.</span> <span class='ocrx_word' id='word_1_60' title='bbox 924 574 1022 610; x_wconf 77' lang='lat' dir='ltr'>Cum</span> <span class='ocrx_word' id='word_1_61' title='bbox 1047 577 1184 611; x_wconf 87' lang='lat' dir='ltr'>autem</span> <span class='ocrx_word' id='word_1_62' title='bbox 1215 574 1337 610; x_wconf 84' lang='lat' dir='ltr'>homo</span> <span class='ocrx_word' id='word_1_63' title='bbox 1365 574 1470 609; x_wconf 84' lang='lat' dir='ltr'>idem</span> <span class='ocrx_word' id='word_1_64' title='bbox 1495 575 1659 618; x_wconf 75' lang='lat' dir='ltr'>penitus</span> <span class='ocrx_word' id='word_1_65' title='bbox 1687 574 1738 610; x_wconf 88' lang='lat' dir='ltr'>sit</span> <span class='ocrx_word' id='word_1_66' title='bbox 1765 575 1873 619; x_wconf 85' lang='lat' dir='ltr'>quod</span> 
     </span>
     <span class='ocr_line' id='line_1_7' title="bbox 199 639 1874 685; baseline -0.001 -9"><span class='ocrx_word' id='word_1_67' title='bbox 199 640 351 677; x_wconf 84' lang='lat' dir='ltr'>animal</span> <span class='ocrx_word' id='word_1_68' title='bbox 379 641 597 676; x_wconf 74' lang='lat' dir='ltr'>formatum</span> <span class='ocrx_word' id='word_1_69' title='bbox 627 643 751 685; x_wconf 87' lang='lat' dir='ltr'>atque</span> <span class='ocrx_word' id='word_1_70' title='bbox 787 640 880 676; x_wconf 90' lang='lat' dir='ltr'>ideo</span> <span class='ocrx_word' id='word_1_71' title='bbox 916 640 1021 676; x_wconf 84' lang='lat' dir='ltr'>baec</span> <span class='ocrx_word' id='word_1_72' title='bbox 1058 650 1125 675; x_wconf 85' lang='lat' dir='ltr'>res</span> <span class='ocrx_word' id='word_1_73' title='bbox 1163 639 1285 675; x_wconf 82' lang='lat' dir='ltr'>bomo</span> <span class='ocrx_word' id='word_1_74' title='bbox 1325 642 1451 675; x_wconf 90' lang='lat' dir='ltr'>totum</span> <span class='ocrx_word' id='word_1_75' title='bbox 1493 649 1590 674; x_wconf 86' lang='lat' dir='ltr'>esse</span> <span class='ocrx_word' id='word_1_76' title='bbox 1626 649 1704 674; x_wconf 91' lang='lat' dir='ltr'>non</span> <span class='ocrx_word' id='word_1_77' title='bbox 1747 640 1874 684; x_wconf 79' lang='lat' dir='ltr'>possit</span> 
     </span>
     <span class='ocr_line' id='line_1_8' title="bbox 201 703 1875 750; baseline -0.001 -10"><span class='ocrx_word' id='word_1_78' title='bbox 201 705 379 750; x_wconf 76' lang='lat' dir='ltr'>proprie,</span> <span class='ocrx_word' id='word_1_79' title='bbox 409 707 450 740; x_wconf 93' lang='lat' dir='ltr'>ut</span> <span class='ocrx_word' id='word_1_80' title='bbox 478 705 669 743; x_wconf 79' lang='lat' dir='ltr'>diximus.</span> <span class='ocrx_word' id='word_1_81' title='bbox 698 707 825 740; x_wconf 89' lang='lat' dir='ltr'>totum</span> <span class='ocrx_word' id='word_1_82' title='bbox 852 705 892 740; x_wconf 91' lang='lat' dir='ltr'>ct</span> <span class='ocrx_word' id='word_1_83' title='bbox 921 706 1079 749; x_wconf 83' lang='lat' dir='ltr'>partem</span> <span class='ocrx_word' id='word_1_84' title='bbox 1110 704 1187 739; x_wconf 83' lang='lat' dir='ltr'>hoc</span> <span class='ocrx_word' id='word_1_85' title='bbox 1215 703 1305 739; x_wconf 87' lang='lat' dir='ltr'>loco</span> <span class='ocrx_word' id='word_1_86' title='bbox 1335 703 1506 738; x_wconf 86' lang='lat' dir='ltr'>vocibus</span> <span class='ocrx_word' id='word_1_87' title='bbox 1533 703 1807 739; x_wconf 75' lang='lat' dir='ltr'>adscribimus</span> <span class='ocrx_word' id='word_1_88' title='bbox 1835 708 1875 739; x_wconf 91' lang='lat' dir='ltr'>et</span> 
     </span>
     <span class='ocr_line' id='line_1_9' title="bbox 199 768 1873 814; baseline 0 -9"><span class='ocrx_word' id='word_1_89' title='bbox 199 770 426 806; x_wconf 88' lang='lat' dir='ltr'>secundum</span> <span class='ocrx_word' id='word_1_90' title='bbox 445 770 525 805; x_wconf 88' lang='lat' dir='ltr'>vim</span> <span class='ocrx_word' id='word_1_91' title='bbox 544 779 691 806; x_wconf 84' lang='lat' dir='ltr'>vocum</span> <span class='ocrx_word' id='word_1_92' title='bbox 709 769 873 807; x_wconf 84' lang='lat' dir='ltr'>animal.</span> <span class='ocrx_word' id='word_1_93' title='bbox 887 779 971 805; x_wconf 86' lang='lat' dir='ltr'>rem</span> <span class='ocrx_word' id='word_1_94' title='bbox 990 769 1135 814; x_wconf 81' lang='lat' dir='ltr'>ipsam,</span> <span class='ocrx_word' id='word_1_95' title='bbox 1153 769 1366 804; x_wconf 78' lang='lat' dir='ltr'><strong>materiam</strong></span> <span class='ocrx_word' id='word_1_96' title='bbox 1385 768 1558 804; x_wconf 81' lang='lat' dir='ltr'><strong>dicimus</strong></span> <span class='ocrx_word' id='word_1_97' title='bbox 1581 769 1770 806; x_wconf 80' lang='lat' dir='ltr'>hominis,</span> <span class='ocrx_word' id='word_1_98' title='bbox 1793 780 1873 805; x_wconf 89' lang='lat' dir='ltr'>non</span> 
     </span>
     <span class='ocr_line' id='line_1_10' title="bbox 201 833 1876 877; baseline -0.001 -7"><span class='ocrx_word' id='word_1_99' title='bbox 201 834 408 870; x_wconf 81' lang='lat' dir='ltr'>bominem</span> <span class='ocrx_word' id='word_1_100' title='bbox 436 834 637 871; x_wconf 87' lang='lat' dir='ltr'>animalis.</span> <span class='ocrx_word' id='word_1_101' title='bbox 666 833 761 869; x_wconf 91' lang='lat' dir='ltr'>licet</span> <span class='ocrx_word' id='word_1_102' title='bbox 788 834 936 869; x_wconf 85' lang='lat' dir='ltr'>eadem</span> <span class='ocrx_word' id='word_1_103' title='bbox 965 833 1017 869; x_wconf 86' lang='lat' dir='ltr'>sit</span> <span class='ocrx_word' id='word_1_104' title='bbox 1038 843 1106 869; x_wconf 92' lang='lat' dir='ltr'>res</span> <span class='ocrx_word' id='word_1_105' title='bbox 1135 833 1337 870; x_wconf 84' lang='lat' dir='ltr'>animalis.</span> <span class='ocrx_word' id='word_1_106' title='bbox 1366 833 1474 877; x_wconf 90' lang='lat' dir='ltr'>quod</span> <span class='ocrx_word' id='word_1_107' title='bbox 1504 833 1680 868; x_wconf 82' lang='lat' dir='ltr'>hominis</span> <span class='ocrx_word' id='word_1_108' title='bbox 1700 833 1876 869; x_wconf 87' lang='lat' dir='ltr'>materia</span> 
     </span>
    </p>

    <p class='ocr_par' dir='ltr' id='par_1_4' title="bbox 148 898 1875 1074">
     <span class='ocr_line' id='line_1_11' title="bbox 148 898 1875 944; baseline -0.001 -9"><span class='ocrx_word' id='word_1_109' title='bbox 148 906 178 930; x_wconf 48' lang='grc' dir='ltr'>ιι·</span> <span class='ocrx_word' id='word_1_110' title='bbox 199 901 273 939; x_wconf 85' lang='lat' dir='ltr'>est,</span> <span class='ocrx_word' id='word_1_111' title='bbox 302 901 343 935; x_wconf 87' lang='lat' dir='ltr'>et</span> <span class='ocrx_word' id='word_1_112' title='bbox 369 899 503 935; x_wconf 87' lang='lat' dir='ltr'>homo.</span> <span class='ocrx_word' id='word_1_113' title='bbox 557 899 794 944; x_wconf 82' lang='lat' dir='ltr'>Proprietas</span> <span class='ocrx_word' id='word_1_114' title='bbox 829 901 967 934; x_wconf 87' lang='lat' dir='ltr'>autem</span> <span class='ocrx_word' id='word_1_115' title='bbox 1002 898 1223 934; x_wconf 88' lang='lat' dir='ltr'>locutionis</span> <span class='ocrx_word' id='word_1_116' title='bbox 1258 908 1340 933; x_wconf 89' lang='lat' dir='ltr'>non</span> <span class='ocrx_word' id='word_1_117' title='bbox 1378 900 1582 936; x_wconf 79' lang='lat' dir='ltr'>servatur.</span> <span class='ocrx_word' id='word_1_118' title='bbox 1619 898 1651 933; x_wconf 88' lang='lat' dir='ltr'>si</span> <span class='ocrx_word' id='word_1_119' title='bbox 1688 899 1875 934; x_wconf 89' lang='lat' dir='ltr'>dicamus</span> 
     </span>
     <span class='ocr_line' id='line_1_12' title="bbox 200 963 1875 1008; baseline 0.001 -9"><span class='ocrx_word' id='word_1_120' title='bbox 200 964 407 1000; x_wconf 83' lang='lat' dir='ltr'>hominem</span> <span class='ocrx_word' id='word_1_121' title='bbox 450 964 666 1000; x_wconf 78' lang='lat' dir='ltr'>materIam</span> <span class='ocrx_word' id='word_1_122' title='bbox 707 963 906 999; x_wconf 75' lang='lat' dir='ltr'>animalis,</span> <span class='ocrx_word' id='word_1_123' title='bbox 972 964 1011 999; x_wconf 90' lang='lat' dir='ltr'>Id</span> <span class='ocrx_word' id='word_1_124' title='bbox 1061 972 1239 1008; x_wconf 88' lang='lat' dir='ltr'>namque</span> <span class='ocrx_word' id='word_1_125' title='bbox 1280 963 1515 1008; x_wconf 78' lang='lat' dir='ltr'>proprietas</span> <span class='ocrx_word' id='word_1_126' title='bbox 1553 964 1875 1000; x_wconf 81' lang='lat' dir='ltr'>constructionis</span> 
     </span>
     <span class='ocr_line' id='line_1_13' title="bbox 199 1028 1875 1074; baseline 0.001 -10"><span class='ocrx_word' id='word_1_127' title='bbox 199 1029 336 1067; x_wconf 87' lang='lat' dir='ltr'>sentit.</span> <span class='ocrx_word' id='word_1_128' title='bbox 358 1029 467 1074; x_wconf 89' lang='lat' dir='ltr'>quod</span> <span class='ocrx_word' id='word_1_129' title='bbox 490 1031 679 1065; x_wconf 88' lang='lat' dir='ltr'>naturam</span> <span class='ocrx_word' id='word_1_130' title='bbox 702 1029 880 1064; x_wconf 86' lang='lat' dir='ltr'>hominis</span> <span class='ocrx_word' id='word_1_131' title='bbox 902 1029 1136 1064; x_wconf 87' lang='lat' dir='ltr'>substantia</span> <span class='ocrx_word' id='word_1_132' title='bbox 1158 1028 1348 1064; x_wconf 86' lang='lat' dir='ltr'>animalis</span> <span class='ocrx_word' id='word_1_133' title='bbox 1372 1028 1616 1064; x_wconf 77' lang='lat' dir='ltr'>naturaliter</span> <span class='ocrx_word' id='word_1_134' title='bbox 1638 1029 1875 1073; x_wconf 73' lang='lat' dir='ltr'>praecedat.</span> 
     </span>
    </p>

    <p class='ocr_par' dir='ltr' id='par_1_5' title="bbox 199 1092 1876 1203">
     <span class='ocr_line' id='line_1_14' title="bbox 341 1092 1876 1138; baseline -0.001 -9"><span class='ocrx_word' id='word_1_135' title='bbox 341 1092 482 1129; x_wconf 88' lang='lat' dir='ltr'>Potest</span> <span class='ocrx_word' id='word_1_136' title='bbox 509 1095 648 1129; x_wconf 90' lang='lat' dir='ltr'>autem</span> <span class='ocrx_word' id='word_1_137' title='bbox 677 1095 718 1129; x_wconf 94' lang='lat' dir='ltr'>et</span> <span class='ocrx_word' id='word_1_138' title='bbox 745 1093 865 1129; x_wconf 88' lang='lat' dir='ltr'>aliter</span> <span class='ocrx_word' id='word_1_139' title='bbox 891 1093 1034 1138; x_wconf 88' lang='lat' dir='ltr'>accipi.</span> <span class='ocrx_word' id='word_1_140' title='bbox 1063 1093 1170 1137; x_wconf 89' lang='lat' dir='ltr'>quod</span> <span class='ocrx_word' id='word_1_141' title='bbox 1194 1093 1246 1128; x_wconf 89' lang='lat' dir='ltr'>de</span> <span class='ocrx_word' id='word_1_142' title='bbox 1269 1092 1635 1128; x_wconf 85' lang='lat' dir='ltr'>constitutionibus</span> <span class='ocrx_word' id='word_1_143' title='bbox 1659 1093 1718 1128; x_wconf 83' lang='lat' dir='ltr'>Po</span> <span class='ocrx_word' id='word_1_144' title='bbox 1732 1093 1876 1138; x_wconf 72' lang='lat' dir='ltr'>rphy-</span> 
     </span>
     <span class='ocr_line' id='line_1_15' title="bbox 199 1157 1875 1203; baseline 0 -9"><span class='ocrx_word' id='word_1_145' title='bbox 199 1157 303 1194; x_wconf 87' lang='lat' dir='ltr'>rius</span> <span class='ocrx_word' id='word_1_146' title='bbox 331 1158 428 1194; x_wconf 89' lang='lat' dir='ltr'>dicit</span> <span class='ocrx_word' id='word_1_147' title='bbox 455 1159 685 1194; x_wconf 90' lang='lat' dir='ltr'>ostendens</span> <span class='ocrx_word' id='word_1_148' title='bbox 713 1158 919 1203; x_wconf 83' lang='lat' dir='ltr'>quaedam</span> <span class='ocrx_word' id='word_1_149' title='bbox 948 1158 1156 1194; x_wconf 75' lang='lat' dir='ltr'>veraciter</span> <span class='ocrx_word' id='word_1_150' title='bbox 1177 1160 1372 1193; x_wconf 80' lang='lat' dir='ltr'>constare</span> <span class='ocrx_word' id='word_1_151' title='bbox 1396 1168 1447 1193; x_wconf 82' lang='lat' dir='ltr'>ex</span> <span class='ocrx_word' id='word_1_152' title='bbox 1471 1158 1646 1193; x_wconf 87' lang='lat' dir='ltr'>materia</span> <span class='ocrx_word' id='word_1_153' title='bbox 1667 1160 1708 1194; x_wconf 90' lang='lat' dir='ltr'>et</span> <span class='ocrx_word' id='word_1_154' title='bbox 1733 1158 1875 1198; x_wconf 80' lang='lat' dir='ltr'>forma,</span> 
     </span>
    </p>

    <p class='ocr_par' dir='ltr' id='par_1_6' title="bbox 148 1223 1876 1527">
     <span class='ocr_line' id='line_1_16' title="bbox 148 1223 1876 1269; baseline 0.001 -11"><span class='ocrx_word' id='word_1_155' title='bbox 148 1233 179 1258; x_wconf 79' lang='lat'>15</span> <span class='ocrx_word' id='word_1_156' title='bbox 199 1224 406 1268; x_wconf 84' lang='lat' dir='ltr'>quaedam</span> <span class='ocrx_word' id='word_1_157' title='bbox 428 1223 684 1269; x_wconf 78' lang='lat' dir='ltr'>imaginarie.</span> <span class='ocrx_word' id='word_1_158' title='bbox 731 1223 844 1259; x_wconf 89' lang='lat' dir='ltr'>Sicut</span> <span class='ocrx_word' id='word_1_159' title='bbox 866 1224 975 1259; x_wconf 90' lang='lat' dir='ltr'>enim</span> <span class='ocrx_word' id='word_1_160' title='bbox 998 1223 1036 1259; x_wconf 91' lang='lat' dir='ltr'>in</span> <span class='ocrx_word' id='word_1_161' title='bbox 1060 1232 1195 1259; x_wconf 89' lang='lat' dir='ltr'>rerum</span> <span class='ocrx_word' id='word_1_162' title='bbox 1219 1225 1367 1258; x_wconf 89' lang='lat' dir='ltr'>natura</span> <span class='ocrx_word' id='word_1_163' title='bbox 1389 1223 1593 1267; x_wconf 80' lang='lat' dir='ltr'>quaedam</span> <span class='ocrx_word' id='word_1_164' title='bbox 1618 1225 1682 1259; x_wconf 88' lang='lat' dir='ltr'>est</span> <span class='ocrx_word' id='word_1_165' title='bbox 1703 1224 1876 1259; x_wconf 87' lang='lat' dir='ltr'>actualis</span> 
     </span>
     <span class='ocr_line' id='line_1_17' title="bbox 200 1288 1875 1334; baseline 0.001 -10"><span class='ocrx_word' id='word_1_166' title='bbox 200 1289 441 1325; x_wconf 89' lang='lat' dir='ltr'>constitutio</span> <span class='ocrx_word' id='word_1_167' title='bbox 470 1292 510 1325; x_wconf 90' lang='lat' dir='ltr'>et</span> <span class='ocrx_word' id='word_1_168' title='bbox 537 1298 650 1327; x_wconf 80' lang='lat' dir='ltr'>vera.</span> <span class='ocrx_word' id='word_1_169' title='bbox 679 1289 735 1324; x_wconf 88' lang='lat' dir='ltr'>ita</span> <span class='ocrx_word' id='word_1_170' title='bbox 763 1289 802 1324; x_wconf 93' lang='lat' dir='ltr'>in</span> <span class='ocrx_word' id='word_1_171' title='bbox 831 1289 970 1324; x_wconf 89' lang='lat' dir='ltr'>animo</span> <span class='ocrx_word' id='word_1_172' title='bbox 998 1288 1202 1333; x_wconf 87' lang='lat' dir='ltr'>quaedam</span> <span class='ocrx_word' id='word_1_173' title='bbox 1232 1288 1524 1323; x_wconf 86' lang='lat' dir='ltr'>intellectualis</span> <span class='ocrx_word' id='word_1_174' title='bbox 1550 1290 1590 1324; x_wconf 90' lang='lat' dir='ltr'>et</span> <span class='ocrx_word' id='word_1_175' title='bbox 1618 1288 1875 1334; x_wconf 88' lang='lat' dir='ltr'>imaginaria.</span> 
     </span>
     <span class='ocr_line' id='line_1_18' title="bbox 200 1353 1875 1399; baseline 0.001 -11"><span class='ocrx_word' id='word_1_176' title='bbox 200 1362 308 1398; x_wconf 90' lang='lat' dir='ltr'>quae</span> <span class='ocrx_word' id='word_1_177' title='bbox 337 1363 440 1390; x_wconf 88' lang='lat' dir='ltr'>voce</span> <span class='ocrx_word' id='word_1_178' title='bbox 463 1354 625 1399; x_wconf 89' lang='lat' dir='ltr'>prolata</span> <span class='ocrx_word' id='word_1_179' title='bbox 645 1354 784 1389; x_wconf 90' lang='lat' dir='ltr'>animo</span> <span class='ocrx_word' id='word_1_180' title='bbox 807 1353 1014 1389; x_wconf 90' lang='lat' dir='ltr'>audientis</span> <span class='ocrx_word' id='word_1_181' title='bbox 1035 1353 1258 1398; x_wconf 85' lang='lat' dir='ltr'>ingeretur.</span> <span class='ocrx_word' id='word_1_182' title='bbox 1287 1353 1413 1388; x_wconf 81' lang='lat' dir='ltr'>veluti</span> <span class='ocrx_word' id='word_1_183' title='bbox 1435 1362 1526 1388; x_wconf 91' lang='lat' dir='ltr'>cum</span> <span class='ocrx_word' id='word_1_184' title='bbox 1550 1353 1697 1388; x_wconf 90' lang='lat' dir='ltr'>dicitur</span> <span class='ocrx_word' id='word_1_185' title='bbox 1718 1354 1875 1393; x_wconf 77' lang='lat' dir='ltr'>,liomo·.</span> 
     </span>
     <span class='ocr_line' id='line_1_19' title="bbox 200 1418 1876 1464; baseline -0.001 -9"><span class='ocrx_word' id='word_1_186' title='bbox 200 1419 416 1455; x_wconf 88' lang='lat' dir='ltr'>cuiusdam</span> <span class='ocrx_word' id='word_1_187' title='bbox 444 1419 504 1455; x_wconf 88' lang='lat' dir='ltr'>rei</span> <span class='ocrx_word' id='word_1_188' title='bbox 531 1420 706 1455; x_wconf 73' lang='lat' dir='ltr'>formam</span> <span class='ocrx_word' id='word_1_189' title='bbox 735 1419 925 1463; x_wconf 87' lang='lat' dir='ltr'>concipio</span> <span class='ocrx_word' id='word_1_190' title='bbox 954 1418 1250 1464; x_wconf 87' lang='lat' dir='ltr'>intelligibilem</span> <span class='ocrx_word' id='word_1_191' title='bbox 1279 1418 1396 1462; x_wconf 88' lang='lat' dir='ltr'>quasi</span> <span class='ocrx_word' id='word_1_192' title='bbox 1430 1427 1484 1453; x_wconf 87' lang='lat' dir='ltr'>ex</span> <span class='ocrx_word' id='word_1_193' title='bbox 1512 1418 1758 1462; x_wconf 89' lang='lat' dir='ltr'>quibusdam</span> <span class='ocrx_word' id='word_1_194' title='bbox 1786 1419 1876 1455; x_wconf 86' lang='lat' dir='ltr'>aliis</span> 
     </span>
     <span class='ocr_line' id='line_1_20' title="bbox 200 1482 1875 1527; baseline 0.001 -9"><span class='ocrx_word' id='word_1_195' title='bbox 200 1482 522 1527; x_wconf 87' lang='lat' dir='ltr'>intelligibilibus</span> <span class='ocrx_word' id='word_1_196' title='bbox 549 1483 674 1518; x_wconf 90' lang='lat' dir='ltr'>rebus</span> <span class='ocrx_word' id='word_1_197' title='bbox 703 1482 978 1522; x_wconf 83' lang='lat' dir='ltr'>coniunctam.</span> <span class='ocrx_word' id='word_1_198' title='bbox 1006 1492 1129 1527; x_wconf 89' lang='lat' dir='ltr'>quam</span> <span class='ocrx_word' id='word_1_199' title='bbox 1168 1482 1347 1517; x_wconf 77' lang='lat' dir='ltr'>tortasse</span> <span class='ocrx_word' id='word_1_200' title='bbox 1375 1482 1692 1526; x_wconf 85' lang='lat' dir='ltr'>conceptionem</span> <span class='ocrx_word' id='word_1_201' title='bbox 1721 1482 1875 1521; x_wconf 73' lang='lat' dir='ltr'>Plato,</span> 
     </span>
    </p>

    <p class='ocr_par' dir='ltr' id='par_1_7' title="bbox 145 1546 1876 1723">
     <span class='ocr_line' id='line_1_21' title="bbox 145 1546 1876 1593; baseline -0.001 -10"><span class='ocrx_word' id='word_1_202' title='bbox 145 1558 179 1583; x_wconf 64' lang='grc' dir='ltr'>ευ</span> <span class='ocrx_word' id='word_1_203' title='bbox 200 1549 242 1583; x_wconf 91' lang='lat' dir='ltr'>ut</span> <span class='ocrx_word' id='word_1_204' title='bbox 263 1557 390 1593; x_wconf 91' lang='lat' dir='ltr'>supra</span> <span class='ocrx_word' id='word_1_205' title='bbox 411 1548 673 1584; x_wconf 89' lang='lat' dir='ltr'>meminimus</span> <span class='ocrx_word' id='word_1_206' title='bbox 688 1551 710 1587; x_wconf 85' lang='lat'>¹.</span> <span class='ocrx_word' id='word_1_207' title='bbox 733 1557 992 1583; x_wconf 89' lang='lat' dir='ltr'>communem</span> <span class='ocrx_word' id='word_1_208' title='bbox 1017 1547 1107 1583; x_wconf 91' lang='lat' dir='ltr'>sive</span> <span class='ocrx_word' id='word_1_209' title='bbox 1129 1546 1354 1592; x_wconf 86' lang='lat' dir='ltr'>specialem</span> <span class='ocrx_word' id='word_1_210' title='bbox 1367 1547 1542 1582; x_wconf 83' lang='lat' dir='ltr'>vocavit.</span> <span class='ocrx_word' id='word_1_211' title='bbox 1573 1548 1689 1587; x_wconf 83' lang='lat' dir='ltr'>Quae</span> <span class='ocrx_word' id='word_1_212' title='bbox 1711 1547 1876 1591; x_wconf 89' lang='lat' dir='ltr'>quidem</span> 
     </span>
     <span class='ocr_line' id='line_1_22' title="bbox 201 1612 1876 1658; baseline 0 -10"><span class='ocrx_word' id='word_1_213' title='bbox 201 1612 468 1658; x_wconf 91' lang='lat' dir='ltr'>intelligibilis</span> <span class='ocrx_word' id='word_1_214' title='bbox 496 1613 735 1649; x_wconf 89' lang='lat' dir='ltr'>constitutio</span> <span class='ocrx_word' id='word_1_215' title='bbox 766 1613 818 1649; x_wconf 88' lang='lat' dir='ltr'>ad</span> <span class='ocrx_word' id='word_1_216' title='bbox 846 1612 1153 1648; x_wconf 89' lang='lat' dir='ltr'>similitudinem</span> <span class='ocrx_word' id='word_1_217' title='bbox 1182 1621 1309 1648; x_wconf 87' lang='lat' dir='ltr'>verae</span> <span class='ocrx_word' id='word_1_218' title='bbox 1344 1612 1651 1648; x_wconf 87' lang='lat' dir='ltr'>constitutionis</span> <span class='ocrx_word' id='word_1_219' title='bbox 1685 1613 1876 1657; x_wconf 89' lang='lat' dir='ltr'>componi</span> 
     </span>
     <span class='ocr_line' id='line_1_23' title="bbox 201 1677 1396 1723; baseline -0.001 -10"><span class='ocrx_word' id='word_1_220' title='bbox 201 1680 242 1713; x_wconf 87' lang='lat' dir='ltr'>et</span> <span class='ocrx_word' id='word_1_221' title='bbox 268 1677 368 1723; x_wconf 77' lang='lat' dir='ltr'>fingi</span> <span class='ocrx_word' id='word_1_222' title='bbox 395 1678 447 1714; x_wconf 91' lang='lat' dir='ltr'>ab</span> <span class='ocrx_word' id='word_1_223' title='bbox 475 1678 613 1714; x_wconf 92' lang='lat' dir='ltr'>animo</span> <span class='ocrx_word' id='word_1_224' title='bbox 642 1678 790 1714; x_wconf 90' lang='lat' dir='ltr'>dieitur</span> <span class='ocrx_word' id='word_1_225' title='bbox 818 1688 895 1714; x_wconf 91' lang='lat' dir='ltr'>nec</span> <span class='ocrx_word' id='word_1_226' title='bbox 923 1687 1025 1714; x_wconf 68' lang='lat' dir='ltr'>xe1a</span> <span class='ocrx_word' id='word_1_227' title='bbox 1052 1679 1117 1713; x_wconf 91' lang='lat' dir='ltr'>est</span> <span class='ocrx_word' id='word_1_228' title='bbox 1144 1677 1396 1713; x_wconf 92' lang='lat' dir='ltr'>constitutio</span> 
     </span>
    </p>

    <p class='ocr_par' dir='ltr' id='par_1_8' title="bbox 201 1741 1877 1852">
     <span class='ocr_line' id='line_1_24' title="bbox 344 1741 1877 1787; baseline 0 -10"><span class='ocrx_word' id='word_1_229' title='bbox 344 1741 578 1778; x_wconf 90' lang='lat' dir='ltr'>Secundum</span> <span class='ocrx_word' id='word_1_230' title='bbox 613 1742 720 1778; x_wconf 76' lang='lat' dir='ltr'>lianc</span> <span class='ocrx_word' id='word_1_231' title='bbox 758 1742 1007 1778; x_wconf 90' lang='lat' dir='ltr'>sententiam</span> <span class='ocrx_word' id='word_1_232' title='bbox 1042 1741 1102 1777; x_wconf 90' lang='lat' dir='ltr'>sic</span> <span class='ocrx_word' id='word_1_233' title='bbox 1135 1741 1300 1787; x_wconf 85' lang='lat' dir='ltr'>legitur:</span> <span class='ocrx_word' id='word_1_234' title='bbox 1338 1741 1474 1776; x_wconf 79' lang='lat' dir='ltr'>Rebus</span> <span class='ocrx_word' id='word_1_235' title='bbox 1500 1742 1612 1776; x_wconf 75' lang='lat' dir='ltr'>«nim</span> <span class='ocrx_word' id='word_1_236' title='bbox 1644 1744 1719 1777; x_wconf 92' lang='lat' dir='ltr'>etc.</span> <span class='ocrx_word' id='word_1_237' title='bbox 1772 1741 1877 1782; x_wconf 80' lang='lat' dir='ltr'>Dixi,</span> 
     </span>
     <span class='ocr_line' id='line_1_25' title="bbox 201 1807 1876 1852; baseline -0.001 -9"><span class='ocrx_word' id='word_1_238' title='bbox 201 1807 311 1852; x_wconf 90' lang='lat' dir='ltr'>quod</span> <span class='ocrx_word' id='word_1_239' title='bbox 338 1807 503 1845; x_wconf 86' lang='lat' dir='ltr'>animal</span> <span class='ocrx_word' id='word_1_240' title='bbox 537 1807 615 1843; x_wconf 85' lang='lat' dir='ltr'>hoc</span> <span class='ocrx_word' id='word_1_241' title='bbox 643 1817 806 1847; x_wconf 89' lang='lat' dir='ltr'>nomen</span> <span class='ocrx_word' id='word_1_242' title='bbox 834 1807 1099 1852; x_wconf 88' lang='lat' dir='ltr'>praedicatur</span> <span class='ocrx_word' id='word_1_243' title='bbox 1126 1807 1167 1842; x_wconf 92' lang='lat' dir='ltr'>in</span> <span class='ocrx_word' id='word_1_244' title='bbox 1195 1807 1291 1852; x_wconf 91' lang='lat' dir='ltr'>quid</span> <span class='ocrx_word' id='word_1_245' title='bbox 1321 1807 1371 1842; x_wconf 91' lang='lat' dir='ltr'>de</span> <span class='ocrx_word' id='word_1_246' title='bbox 1400 1807 1577 1847; x_wconf 87' lang='lat' dir='ltr'>homine,</span> <span class='ocrx_word' id='word_1_247' title='bbox 1607 1807 1809 1843; x_wconf 87' lang='lat' dir='ltr'>rationale</span> <span class='ocrx_word' id='word_1_248' title='bbox 1837 1807 1876 1842; x_wconf 90' lang='lat' dir='ltr'>in</span> 
     </span>
    </p>

    <p class='ocr_par' dir='ltr' id='par_1_9' title="bbox 146 1872 1878 2179">
     <span class='ocr_line' id='line_1_26' title="bbox 146 1872 1878 1917; baseline -0.001 -8"><span class='ocrx_word' id='word_1_249' title='bbox 146 1887 179 1911; x_wconf 58' lang='grc' dir='ltr'>ες,</span> <span class='ocrx_word' id='word_1_250' title='bbox 201 1872 335 1917; x_wconf 80' lang='lat' dir='ltr'>quale,</span> <span class='ocrx_word' id='word_1_251' title='bbox 374 1875 414 1908; x_wconf 86' lang='lat' dir='ltr'>et</span> <span class='ocrx_word' id='word_1_252' title='bbox 447 1872 606 1910; x_wconf 88' lang='lat' dir='ltr'>merito.</span> <span class='ocrx_word' id='word_1_253' title='bbox 635 1873 731 1917; x_wconf 92' lang='lat' dir='ltr'>quia</span> <span class='ocrx_word' id='word_1_254' title='bbox 769 1882 920 1909; x_wconf 93' lang='lat' dir='ltr'>sensus</span> <span class='ocrx_word' id='word_1_255' title='bbox 954 1872 1126 1908; x_wconf 90' lang='lat' dir='ltr'>istorum</span> <span class='ocrx_word' id='word_1_256' title='bbox 1163 1872 1203 1907; x_wconf 89' lang='lat' dir='ltr'>in</span> <span class='ocrx_word' id='word_1_257' title='bbox 1240 1881 1367 1908; x_wconf 87' lang='lat' dir='ltr'>sensu</span> <span class='ocrx_word' id='word_1_258' title='bbox 1405 1872 1583 1907; x_wconf 86' lang='lat' dir='ltr'>hominis</span> <span class='ocrx_word' id='word_1_259' title='bbox 1623 1873 1878 1908; x_wconf 87' lang='lat' dir='ltr'>conveniunt</span> 
     </span>
     <span class='ocr_line' id='line_1_27' title="bbox 200 1936 1876 1981; baseline 0 -8"><span class='ocrx_word' id='word_1_260' title='bbox 200 1937 306 1973; x_wconf 89' lang='lat' dir='ltr'>sicut</span> <span class='ocrx_word' id='word_1_261' title='bbox 333 1937 507 1974; x_wconf 87' lang='lat' dir='ltr'>materia</span> <span class='ocrx_word' id='word_1_262' title='bbox 535 1940 576 1973; x_wconf 91' lang='lat' dir='ltr'>et</span> <span class='ocrx_word' id='word_1_263' title='bbox 603 1938 746 1976; x_wconf 81' lang='lat' dir='ltr'>forma.</span> <span class='ocrx_word' id='word_1_264' title='bbox 781 1938 819 1973; x_wconf 87' lang='lat' dir='ltr'>id</span> <span class='ocrx_word' id='word_1_265' title='bbox 848 1939 912 1973; x_wconf 92' lang='lat' dir='ltr'>est</span> <span class='ocrx_word' id='word_1_266' title='bbox 940 1937 1074 1977; x_wconf 77' lang='lat' dir='ltr'>homo,</span> <span class='ocrx_word' id='word_1_267' title='bbox 1108 1937 1186 1973; x_wconf 89' lang='lat' dir='ltr'>hoc</span> <span class='ocrx_word' id='word_1_268' title='bbox 1213 1947 1377 1977; x_wconf 88' lang='lat' dir='ltr'>nomen,</span> <span class='ocrx_word' id='word_1_269' title='bbox 1405 1936 1723 1981; x_wconf 85' lang='lat' dir='ltr'>conceptionem</span> <span class='ocrx_word' id='word_1_270' title='bbox 1751 1938 1876 1973; x_wconf 89' lang='lat' dir='ltr'>animi</span> 
     </span>
     <span class='ocr_line' id='line_1_28' title="bbox 198 2002 1876 2048; baseline 0 -10"><span class='ocrx_word' id='word_1_271' title='bbox 198 2005 384 2047; x_wconf 88' lang='lat' dir='ltr'>generat.</span> <span class='ocrx_word' id='word_1_272' title='bbox 419 2012 527 2048; x_wconf 89' lang='lat' dir='ltr'>quae</span> <span class='ocrx_word' id='word_1_273' title='bbox 561 2012 647 2038; x_wconf 86' lang='lat' dir='ltr'>rem</span> <span class='ocrx_word' id='word_1_274' title='bbox 676 2003 886 2048; x_wconf 90' lang='lat' dir='ltr'>quandam</span> <span class='ocrx_word' id='word_1_275' title='bbox 922 2002 1219 2048; x_wconf 85' lang='lat' dir='ltr'>intelligibilem</span> <span class='ocrx_word' id='word_1_276' title='bbox 1253 2002 1434 2047; x_wconf 91' lang='lat' dir='ltr'>concipit</span> <span class='ocrx_word' id='word_1_277' title='bbox 1461 2002 1580 2047; x_wconf 91' lang='lat' dir='ltr'>quasi</span> <span class='ocrx_word' id='word_1_278' title='bbox 1614 2004 1876 2038; x_wconf 90' lang='lat' dir='ltr'>constantem</span> 
     </span>
     <span class='ocr_line' id='line_1_29' title="bbox 200 2067 1876 2113; baseline 0 -9"><span class='ocrx_word' id='word_1_279' title='bbox 200 2078 254 2104; x_wconf 86' lang='lat' dir='ltr'>ex</span> <span class='ocrx_word' id='word_1_280' title='bbox 288 2068 367 2104; x_wconf 91' lang='lat' dir='ltr'>illis</span> <span class='ocrx_word' id='word_1_281' title='bbox 404 2068 729 2113; x_wconf 86' lang='lat' dir='ltr'>intelligibilibus</span> <span class='ocrx_word' id='word_1_282' title='bbox 766 2068 891 2104; x_wconf 90' lang='lat' dir='ltr'>rebus</span> <span class='ocrx_word' id='word_1_283' title='bbox 927 2068 979 2104; x_wconf 91' lang='lat' dir='ltr'>ad</span> <span class='ocrx_word' id='word_1_284' title='bbox 1013 2077 1118 2113; x_wconf 90' lang='lat' dir='ltr'>quas</span> <span class='ocrx_word' id='word_1_285' title='bbox 1155 2077 1288 2113; x_wconf 88' lang='lat' dir='ltr'>genus</span> <span class='ocrx_word' id='word_1_286' title='bbox 1326 2069 1366 2103; x_wconf 91' lang='lat' dir='ltr'>et</span> <span class='ocrx_word' id='word_1_287' title='bbox 1402 2067 1665 2103; x_wconf 80' lang='lat' dir='ltr'>differentiae</span> <span class='ocrx_word' id='word_1_288' title='bbox 1702 2067 1876 2104; x_wconf 90' lang='lat' dir='ltr'>mittunt.</span> 
     </span>
     <span class='ocr_line' id='line_1_30' title="bbox 199 2132 1877 2179; baseline 0.001 -11"><span class='ocrx_word' id='word_1_289' title='bbox 199 2132 246 2169; x_wconf 91' lang='lat' dir='ltr'>Et</span> <span class='ocrx_word' id='word_1_290' title='bbox 273 2134 392 2178; x_wconf 89' lang='lat' dir='ltr'>quasi</span> <span class='ocrx_word' id='word_1_291' title='bbox 419 2133 569 2178; x_wconf 91' lang='lat' dir='ltr'>aliquis</span> <span class='ocrx_word' id='word_1_292' title='bbox 596 2135 829 2179; x_wconf 82' lang='lat' dir='ltr'>quaereret,</span> <span class='ocrx_word' id='word_1_293' title='bbox 867 2133 900 2168; x_wconf 93' lang='lat' dir='ltr'>si</span> <span class='ocrx_word' id='word_1_294' title='bbox 938 2133 990 2169; x_wconf 90' lang='lat' dir='ltr'>sit</span> <span class='ocrx_word' id='word_1_295' title='bbox 1027 2135 1196 2178; x_wconf 88' lang='lat' dir='ltr'>praeter</span> <span class='ocrx_word' id='word_1_296' title='bbox 1234 2142 1378 2168; x_wconf 87' lang='lat' dir='ltr'>veram</span> <span class='ocrx_word' id='word_1_297' title='bbox 1418 2132 1755 2168; x_wconf 85' lang='lat' dir='ltr'>constitutionem</span> <span class='ocrx_word' id='word_1_298' title='bbox 1796 2133 1877 2169; x_wconf 88' lang='lat' dir='ltr'>alia</span> 
     </span>
    </p>

    <p class='ocr_par' dir='ltr' id='par_1_10' title="bbox 144 2197 1878 2504">
     <span class='ocr_line' id='line_1_31' title="bbox 144 2197 1876 2244; baseline 0 -10"><span class='ocrx_word' id='word_1_299' title='bbox 144 2216 179 2238; x_wconf 71' lang='lat'>30</span> <span class='ocrx_word' id='word_1_300' title='bbox 199 2198 451 2238; x_wconf 89' lang='lat' dir='ltr'>constitutio,</span> <span class='ocrx_word' id='word_1_301' title='bbox 474 2198 699 2244; x_wconf 89' lang='lat' dir='ltr'>praemittit</span> <span class='ocrx_word' id='word_1_302' title='bbox 720 2199 926 2243; x_wconf 87' lang='lat' dir='ltr'>quaedam</span> <span class='ocrx_word' id='word_1_303' title='bbox 950 2199 1144 2234; x_wconf 87' lang='lat' dir='ltr'>constare</span> <span class='ocrx_word' id='word_1_304' title='bbox 1167 2198 1375 2233; x_wconf 86' lang='lat' dir='ltr'>veraciter</span> <span class='ocrx_word' id='word_1_305' title='bbox 1395 2207 1448 2233; x_wconf 83' lang='lat' dir='ltr'>ex</span> <span class='ocrx_word' id='word_1_306' title='bbox 1472 2197 1647 2233; x_wconf 89' lang='lat' dir='ltr'>materia</span> <span class='ocrx_word' id='word_1_307' title='bbox 1671 2200 1712 2233; x_wconf 91' lang='lat' dir='ltr'>et</span> <span class='ocrx_word' id='word_1_308' title='bbox 1732 2198 1876 2238; x_wconf 77' lang='lat' dir='ltr'>forma,</span> 
     </span>
     <span class='ocr_line' id='line_1_32' title="bbox 200 2262 1875 2309; baseline -0.001 -10"><span class='ocrx_word' id='word_1_309' title='bbox 200 2264 406 2308; x_wconf 84' lang='lat' dir='ltr'>quaedam</span> <span class='ocrx_word' id='word_1_310' title='bbox 433 2263 534 2309; x_wconf 77' lang='lat' dir='ltr'>fingi</span> <span class='ocrx_word' id='word_1_311' title='bbox 561 2264 613 2300; x_wconf 88' lang='lat' dir='ltr'>ad</span> <span class='ocrx_word' id='word_1_312' title='bbox 641 2263 950 2299; x_wconf 88' lang='lat' dir='ltr'>similitudinem</span> <span class='ocrx_word' id='word_1_313' title='bbox 978 2264 1179 2300; x_wconf 90' lang='lat' dir='ltr'>materiae</span> <span class='ocrx_word' id='word_1_314' title='bbox 1208 2264 1249 2299; x_wconf 90' lang='lat' dir='ltr'>et</span> <span class='ocrx_word' id='word_1_315' title='bbox 1274 2263 1447 2299; x_wconf 77' lang='lat' dir='ltr'>formae.</span> <span class='ocrx_word' id='word_1_316' title='bbox 1499 2262 1546 2298; x_wconf 86' lang='lat' dir='ltr'>Et</span> <span class='ocrx_word' id='word_1_317' title='bbox 1574 2263 1634 2298; x_wconf 90' lang='lat' dir='ltr'>sic</span> <span class='ocrx_word' id='word_1_318' title='bbox 1662 2263 1875 2299; x_wconf 88' lang='lat' dir='ltr'>sciendum</span> 
     </span>
     <span class='ocr_line' id='line_1_33' title="bbox 201 2328 1878 2374; baseline 0 -10"><span class='ocrx_word' id='word_1_319' title='bbox 201 2330 276 2369; x_wconf 82' lang='lat' dir='ltr'>est.</span> <span class='ocrx_word' id='word_1_320' title='bbox 293 2329 402 2374; x_wconf 91' lang='lat' dir='ltr'>quod</span> <span class='ocrx_word' id='word_1_321' title='bbox 418 2328 768 2374; x_wconf 88' lang='lat' dir='ltr'>quemadmodum</span> <span class='ocrx_word' id='word_1_322' title='bbox 788 2330 936 2367; x_wconf 84' lang='lat' dir='ltr'>statua.</span> <span class='ocrx_word' id='word_1_323' title='bbox 959 2338 1027 2364; x_wconf 89' lang='lat' dir='ltr'>res</span> <span class='ocrx_word' id='word_1_324' title='bbox 1048 2329 1141 2374; x_wconf 89' lang='lat' dir='ltr'>ipsa</span> <span class='ocrx_word' id='word_1_325' title='bbox 1162 2329 1332 2368; x_wconf 85' lang='lat' dir='ltr'>scilicet,</span> <span class='ocrx_word' id='word_1_326' title='bbox 1355 2330 1417 2364; x_wconf 92' lang='lat' dir='ltr'>est</span> <span class='ocrx_word' id='word_1_327' title='bbox 1438 2330 1526 2366; x_wconf 90' lang='lat' dir='ltr'>etc..</span> <span class='ocrx_word' id='word_1_328' title='bbox 1555 2328 1753 2364; x_wconf 88' lang='lat' dir='ltr'>sichomo</span> <span class='ocrx_word' id='word_1_329' title='bbox 1769 2338 1878 2364; x_wconf 89' lang='lat' dir='ltr'>com—</span> 
     </span>
     <span class='ocr_line' id='line_1_34' title="bbox 202 2393 1876 2439; baseline 0 -10"><span class='ocrx_word' id='word_1_330' title='bbox 202 2394 336 2429; x_wconf 90' lang='lat' dir='ltr'>munis</span> <span class='ocrx_word' id='word_1_331' title='bbox 364 2396 406 2429; x_wconf 89' lang='lat' dir='ltr'>et</span> <span class='ocrx_word' id='word_1_332' title='bbox 432 2393 639 2438; x_wconf 85' lang='lat' dir='ltr'>specialis.</span> <span class='ocrx_word' id='word_1_333' title='bbox 675 2394 754 2429; x_wconf 91' lang='lat' dir='ltr'>hoc</span> <span class='ocrx_word' id='word_1_334' title='bbox 781 2395 846 2429; x_wconf 91' lang='lat' dir='ltr'>est</span> <span class='ocrx_word' id='word_1_335' title='bbox 871 2394 940 2429; x_wconf 92' lang='lat' dir='ltr'>illa</span> <span class='ocrx_word' id='word_1_336' title='bbox 974 2394 1193 2439; x_wconf 89' lang='lat' dir='ltr'>conceptio</span> <span class='ocrx_word' id='word_1_337' title='bbox 1227 2393 1365 2434; x_wconf 83' lang='lat' dir='ltr'>animi,</span> <span class='ocrx_word' id='word_1_338' title='bbox 1402 2393 1593 2429; x_wconf 90' lang='lat' dir='ltr'>consistit</span> <span class='ocrx_word' id='word_1_339' title='bbox 1630 2403 1683 2429; x_wconf 83' lang='lat' dir='ltr'>ex</span> <span class='ocrx_word' id='word_1_340' title='bbox 1720 2403 1876 2439; x_wconf 90' lang='lat' dir='ltr'>genere</span> 
     </span>
     <span class='ocr_line' id='line_1_35' title="bbox 201 2458 1875 2504; baseline 0 -10"><span class='ocrx_word' id='word_1_341' title='bbox 201 2461 242 2494; x_wconf 83' lang='lat' dir='ltr'>et</span> <span class='ocrx_word' id='word_1_342' title='bbox 269 2458 516 2499; x_wconf 75' lang='lat' dir='ltr'>differentia,</span> <span class='ocrx_word' id='word_1_343' title='bbox 545 2458 584 2494; x_wconf 92' lang='lat' dir='ltr'>id</span> <span class='ocrx_word' id='word_1_344' title='bbox 614 2461 679 2494; x_wconf 89' lang='lat' dir='ltr'>est</span> <span class='ocrx_word' id='word_1_345' title='bbox 705 2468 750 2494; x_wconf 92' lang='lat' dir='ltr'>re</span> <span class='ocrx_word' id='word_1_346' title='bbox 779 2459 1020 2504; x_wconf 90' lang='lat' dir='ltr'>intelligibili</span> <span class='ocrx_word' id='word_1_347' title='bbox 1048 2461 1254 2503; x_wconf 92' lang='lat' dir='ltr'>concepta</span> <span class='ocrx_word' id='word_1_348' title='bbox 1276 2468 1350 2504; x_wconf 92' lang='lat' dir='ltr'>per</span> <span class='ocrx_word' id='word_1_349' title='bbox 1369 2468 1502 2504; x_wconf 90' lang='lat' dir='ltr'>genus</span> <span class='ocrx_word' id='word_1_350' title='bbox 1525 2460 1566 2494; x_wconf 90' lang='lat' dir='ltr'>et</span> <span class='ocrx_word' id='word_1_351' title='bbox 1587 2458 1875 2494; x_wconf 73' lang='lat' dir='ltr'>differentiam.</span> 
     </span>
    </p>

    <p class='ocr_par' dir='ltr' id='par_1_11' title="bbox 146 2522 1877 2762">
     <span class='ocr_line' id='line_1_36' title="bbox 146 2522 1876 2568; baseline 0.002 -11"><span class='ocrx_word' id='word_1_352' title='bbox 146 2539 180 2563; x_wconf 75' lang='lat'>35</span> <span class='ocrx_word' id='word_1_353' title='bbox 349 2523 494 2558; x_wconf 79' lang='lat' dir='ltr'>Tolum</span> <span class='ocrx_word' id='word_1_354' title='bbox 537 2524 692 2558; x_wconf 76' lang='lat' dir='ltr'>aulem.</span> <span class='ocrx_word' id='word_1_355' title='bbox 757 2522 979 2567; x_wconf 88' lang='lat' dir='ltr'>Postquam</span> <span class='ocrx_word' id='word_1_356' title='bbox 1029 2523 1211 2559; x_wconf 90' lang='lat' dir='ltr'>ostendit</span> <span class='ocrx_word' id='word_1_357' title='bbox 1263 2522 1610 2568; x_wconf 78' lang='lat' dir='ltr'>significationem</span> <span class='ocrx_word' id='word_1_358' title='bbox 1664 2523 1876 2561; x_wconf 54' lang='lat' dir='ltr'>,hominisn</span> 
     </span>
     <span class='ocr_line' id='line_1_37' title="bbox 202 2587 1873 2633; baseline -0.001 -10"><span class='ocrx_word' id='word_1_359' title='bbox 202 2588 320 2623; x_wconf 82' lang='lat' dir='ltr'>liuius</span> <span class='ocrx_word' id='word_1_360' title='bbox 348 2587 472 2624; x_wconf 77' lang='lat' dir='ltr'>vocis,</span> <span class='ocrx_word' id='word_1_361' title='bbox 510 2590 707 2632; x_wconf 89' lang='lat' dir='ltr'>quantum</span> <span class='ocrx_word' id='word_1_362' title='bbox 746 2587 797 2623; x_wconf 87' lang='lat' dir='ltr'>ad</span> <span class='ocrx_word' id='word_1_363' title='bbox 836 2588 893 2623; x_wconf 90' lang='lat' dir='ltr'>rei</span> <span class='ocrx_word' id='word_1_364' title='bbox 932 2588 1263 2633; x_wconf 82' lang='lat' dir='ltr'>conceptionem,</span> <span class='ocrx_word' id='word_1_365' title='bbox 1301 2587 1482 2623; x_wconf 90' lang='lat' dir='ltr'>ostendit</span> <span class='ocrx_word' id='word_1_366' title='bbox 1518 2587 1640 2622; x_wconf 86' lang='lat' dir='ltr'>aliam</span> <span class='ocrx_word' id='word_1_367' title='bbox 1678 2590 1873 2631; x_wconf 91' lang='lat' dir='ltr'>quantum</span> 
     </span>
     <span class='ocr_line' id='line_1_38' title="bbox 202 2652 1877 2698; baseline 0.001 -11"><span class='ocrx_word' id='word_1_368' title='bbox 202 2652 252 2688; x_wconf 90' lang='lat' dir='ltr'>ad</span> <span class='ocrx_word' id='word_1_369' title='bbox 283 2652 608 2688; x_wconf 88' lang='lat' dir='ltr'>nominationem</span> <span class='ocrx_word' id='word_1_370' title='bbox 637 2652 793 2691; x_wconf 82' lang='lat' dir='ltr'>dicens.</span> <span class='ocrx_word' id='word_1_371' title='bbox 822 2654 931 2698; x_wconf 90' lang='lat' dir='ltr'>quod</span> <span class='ocrx_word' id='word_1_372' title='bbox 960 2653 1111 2689; x_wconf 88' lang='lat' dir='ltr'>animal</span> <span class='ocrx_word' id='word_1_373' title='bbox 1140 2653 1343 2689; x_wconf 89' lang='lat' dir='ltr'>rationale</span> <span class='ocrx_word' id='word_1_374' title='bbox 1373 2652 1558 2690; x_wconf 82' lang='lat' dir='ltr'>mortale,</span> <span class='ocrx_word' id='word_1_375' title='bbox 1587 2662 1655 2687; x_wconf 87' lang='lat' dir='ltr'>res</span> <span class='ocrx_word' id='word_1_376' title='bbox 1684 2652 1877 2688; x_wconf 76' lang='lat' dir='ltr'>videlicet</span> 
     </span>
     <span class='ocr_line' id='line_1_39' title="bbox 202 2717 1576 2762; baseline -0.001 -9"><span class='ocrx_word' id='word_1_377' title='bbox 202 2717 304 2762; x_wconf 88' lang='lat' dir='ltr'>ipsa.</span> <span class='ocrx_word' id='word_1_378' title='bbox 335 2720 507 2753; x_wconf 79' lang='lat' dir='ltr'>vocatur</span> <span class='ocrx_word' id='word_1_379' title='bbox 535 2717 670 2757; x_wconf 79' lang='lat' dir='ltr'>homo,</span> <span class='ocrx_word' id='word_1_380' title='bbox 698 2718 1045 2762; x_wconf 88' lang='lat' dir='ltr'>quemadmodum</span> <span class='ocrx_word' id='word_1_381' title='bbox 1075 2728 1150 2754; x_wconf 87' lang='lat' dir='ltr'>aes</span> <span class='ocrx_word' id='word_1_382' title='bbox 1177 2719 1398 2753; x_wconf 78' lang='lat' dir='ltr'>formatum</span> <span class='ocrx_word' id='word_1_383' title='bbox 1427 2719 1576 2753; x_wconf 87' lang='lat' dir='ltr'>statua</span> 
     </span>
    </p>

    <p class='ocr_par' dir='ltr' id='par_1_12' title="bbox 347 2763 1956 2828">
     <span class='ocr_line' id='line_1_40' title="bbox 347 2763 1956 2828; baseline -0.001 -11"><span class='ocrx_word' id='word_1_384' title='bbox 347 2782 593 2818; x_wconf 71' lang='lat' dir='ltr'>Describam</span> <span class='ocrx_word' id='word_1_385' title='bbox 620 2785 776 2818; x_wconf 72' lang='lat' dir='ltr'>auu-,m</span> <span class='ocrx_word' id='word_1_386' title='bbox 828 2783 958 2819; x_wconf 86' lang='lat' dir='ltr'>Aliam</span> <span class='ocrx_word' id='word_1_387' title='bbox 989 2783 1310 2828; x_wconf 88' lang='lat' dir='ltr'>descriptionem</span> <span class='ocrx_word' id='word_1_388' title='bbox 1347 2782 1459 2827; x_wconf 90' lang='lat' dir='ltr'>ponit</span> <span class='ocrx_word' id='word_1_389' title='bbox 1493 2781 1753 2817; x_wconf 75' lang='lat' dir='ltr'>differentiae</span> <span class='ocrx_word' id='word_1_390' title='bbox 1782 2782 1873 2817; x_wconf 90' lang='lat' dir='ltr'>sub·</span> <span class='ocrx_word' id='word_1_391' title='bbox 1902 2763 1956 2797; x_wconf 70' lang='lat'>¹3⁰</span> 
     </span>
    </p>
   </div>
   <div class='ocr_carea' id='block_1_3' title="bbox 148 2811 2080 2894">
    <p class='ocr_par' dir='ltr' id='par_1_13' title="bbox 148 2811 2080 2894">
     <span class='ocr_line' id='line_1_41' title="bbox 1953 2811 2049 2833; baseline 0.013 -3.103"><span class='ocrx_word' id='word_1_392' title='bbox 1953 2811 1974 2830; x_wconf 60' lang='grc' dir='ltr'>υ)</span> <span class='ocrx_word' id='word_1_393' title='bbox 2000 2812 2011 2830; x_wconf 91' lang='lat'><strong>(</strong></span> <span class='ocrx_word' id='word_1_394' title='bbox 2034 2814 2049 2833; x_wconf 69' lang='lat' dir='ltr'>ti</span> 
     </span>
     <span class='ocr_line' id='line_1_42' title="bbox 148 2813 2080 2894; baseline -0.006 -5"><span class='ocrx_word' id='word_1_395' title='bbox 148 2867 183 2890; x_wconf 77' lang='lat' dir='ltr'>-w</span> <span class='ocrx_word' id='word_1_396' title='bbox 203 2847 439 2884; x_wconf 75' lang='lat' dir='ltr'>stantiaiem</span> <span class='ocrx_word' id='word_1_397' title='bbox 455 2847 681 2883; x_wconf 77' lang='lat' dir='ltr'>secundum</span> <span class='ocrx_word' id='word_1_398' title='bbox 705 2848 821 2888; x_wconf 83' lang='lat' dir='ltr'>alios,</span> <span class='ocrx_word' id='word_1_399' title='bbox 843 2857 964 2893; x_wconf 88' lang='lat' dir='ltr'>quam</span> <span class='ocrx_word' id='word_1_400' title='bbox 988 2848 1077 2893; x_wconf 86' lang='lat' dir='ltr'>ipse</span> <span class='ocrx_word' id='word_1_401' title='bbox 1100 2850 1249 2892; x_wconf 89' lang='lat' dir='ltr'>postea</span> <span class='ocrx_word' id='word_1_402' title='bbox 1268 2848 1455 2891; x_wconf 87' lang='lat' dir='ltr'>culpatus</span> <span class='ocrx_word' id='word_1_403' title='bbox 1477 2850 1550 2882; x_wconf 84' lang='lat' dir='ltr'>est</span> <span class='ocrx_word' id='word_1_404' title='bbox 1601 2846 1677 2881; x_wconf 69' lang='lat' dir='ltr'>Im</span> <span class='ocrx_word' id='word_1_405' title='bbox 1683 2847 1748 2881; x_wconf 74' lang='lat' dir='ltr'>ida</span> <span class='ocrx_word' id='word_1_406' title='bbox 1753 2857 1794 2881; x_wconf 69' lang='grc' dir='ltr'>ιι</span> <span class='ocrx_word' id='word_1_407' title='bbox 1815 2857 1877 2887; x_wconf 69' lang='grc' dir='ltr'>ιιι,</span> <span class='ocrx_word' id='word_1_408' title='bbox 1906 2822 1940 2854; x_wconf 60' lang='lat' dir='ltr'>p</span> <span class='ocrx_word' id='word_1_409' title='bbox 1955 2813 2049 2845; x_wconf 59' lang='grc' dir='ltr'>’Μ</span> <span class='ocrx_word' id='word_1_410' title='bbox 2062 2872 2080 2894; x_wconf 65' lang='grc'>,</span> 
     </span>
    </p>
   </div>
   <div class='ocr_carea' id='block_1_4' title="bbox 1961 2764 2035 2798">
    <p class='ocr_par' dir='ltr' id='par_1_14' title="bbox 1961 2764 2035 2798">
     <span class='ocr_line' id='line_1_43' title="bbox 1961 2764 2035 2798; baseline 0 -1"><span class='ocrx_word' id='word_1_411' title='bbox 1961 2764 2035 2798; x_wconf 66' lang='lat' dir='ltr'>vm</span> 
     </span>
    </p>
   </div>
   <div class='ocr_carea' id='block_1_5' title="bbox 202 2916 1875 3211">
    <p class='ocr_par' dir='ltr' id='par_1_15' title="bbox 202 2916 1875 3103">
     <span class='ocr_line' id='line_1_44' title="bbox 345 2916 1875 2985; baseline -0.001 -8"><span class='ocrx_word' id='word_1_412' title='bbox 345 2947 364 2977; x_wconf 79' lang='lat'>5</span> <span class='ocrx_word' id='word_1_413' title='bbox 391 2916 511 2978; x_wconf 87' lang='lat' dir='ltr'>autem</span> <span class='ocrx_word' id='word_1_414' title='bbox 529 2916 576 2984; x_wconf 67' lang='lat' dir='ltr'>A·,·</span> <span class='ocrx_word' id='word_1_415' title='bbox 597 2947 658 2978; x_wconf 81' lang='lat' dir='ltr'>aut</span> <span class='ocrx_word' id='word_1_416' title='bbox 673 2946 701 2977; x_wconf 98' lang='lat' dir='ltr'><em>A</em></span> <span class='ocrx_word' id='word_1_417' title='bbox 749 2946 870 2978; x_wconf 84' lang='lat' dir='ltr'>idem</span> <span class='ocrx_word' id='word_1_418' title='bbox 881 2947 908 2984; x_wconf 54' lang='lat' dir='ltr'>t·-</span> <span class='ocrx_word' id='word_1_419' title='bbox 929 2946 986 2977; x_wconf 87' lang='lat' dir='ltr'>vel</span> <span class='ocrx_word' id='word_1_420' title='bbox 1002 2946 1028 2978; x_wconf 81' lang='lat' dir='ltr'><em>A</em></span> <span class='ocrx_word' id='word_1_421' title='bbox 1111 2946 1150 2977; x_wconf 79' lang='lat'>12</span> <span class='ocrx_word' id='word_1_422' title='bbox 1179 2944 1362 2985; x_wconf 82' lang='lat' dir='ltr'>naturam]</span> <span class='ocrx_word' id='word_1_423' title='bbox 1385 2954 1454 2976; x_wconf 87' lang='lat' dir='ltr'>non</span> <span class='ocrx_word' id='word_1_424' title='bbox 1478 2947 1549 2976; x_wconf 81' lang='lat' dir='ltr'>tam</span> <span class='ocrx_word' id='word_1_425' title='bbox 1572 2945 1598 2976; x_wconf 84' lang='lat'>1</span> <span class='ocrx_word' id='word_1_426' title='bbox 1680 2945 1719 2976; x_wconf 84' lang='lat'>13</span> <span class='ocrx_word' id='word_1_427' title='bbox 1741 2946 1875 2977; x_wconf 86' lang='lat' dir='ltr'>consti-</span> 
     </span>
     <span class='ocr_line' id='line_1_45' title="bbox 202 3003 1875 3044; baseline -0.001 -7"><span class='ocrx_word' id='word_1_428' title='bbox 202 3005 401 3038; x_wconf 86' lang='lat' dir='ltr'>tutionibus</span> <span class='ocrx_word' id='word_1_429' title='bbox 423 3005 470 3042; x_wconf 70' lang='lat' dir='ltr'>A2</span> <span class='ocrx_word' id='word_1_430' title='bbox 490 3005 751 3037; x_wconf 86' lang='lat' dir='ltr'>structionibus</span> <span class='ocrx_word' id='word_1_431' title='bbox 773 3004 799 3036; x_wconf 91' lang='lat' dir='ltr'><em>A</em></span> <span class='ocrx_word' id='word_1_432' title='bbox 893 3005 932 3036; x_wconf 87' lang='grc'>17</span> <span class='ocrx_word' id='word_1_433' title='bbox 957 3014 1052 3044; x_wconf 83' lang='lat' dir='ltr'>quae</span> <span class='ocrx_word' id='word_1_434' title='bbox 1074 3005 1120 3042; x_wconf 48' lang='lat' dir='ltr'>A:</span> <span class='ocrx_word' id='word_1_435' title='bbox 1148 3005 1327 3044; x_wconf 86' lang='lat' dir='ltr'>quaedam</span> <span class='ocrx_word' id='word_1_436' title='bbox 1352 3004 1376 3035; x_wconf 79' lang='grc' dir='ltr'><em>Α</em></span> <span class='ocrx_word' id='word_1_437' title='bbox 1431 3003 1487 3035; x_wconf 79' lang='lat' dir='ltr'>die</span> <span class='ocrx_word' id='word_1_438' title='bbox 1509 3004 1533 3035; x_wconf 69' lang='lat' dir='ltr'><em>A</em></span> <span class='ocrx_word' id='word_1_439' title='bbox 1627 3004 1669 3035; x_wconf 78' lang='lat'>23</span> <span class='ocrx_word' id='word_1_440' title='bbox 1691 3003 1784 3036; x_wconf 75' lang='lat' dir='ltr'>lianc</span> <span class='ocrx_word' id='word_1_441' title='bbox 1800 3004 1875 3042; x_wconf 72' lang='lat' dir='ltr'>,42L</span> 
     </span>
     <span class='ocr_line' id='line_1_46' title="bbox 202 3062 1218 3103; baseline -0.001 -7"><span class='ocrx_word' id='word_1_442' title='bbox 202 3067 323 3096; x_wconf 84' lang='lat' dir='ltr'>autem</span> <span class='ocrx_word' id='word_1_443' title='bbox 352 3065 377 3096; x_wconf 80' lang='grc' dir='ltr'><em>Α</em></span> <span class='ocrx_word' id='word_1_444' title='bbox 481 3064 523 3095; x_wconf 78' lang='lat'>32</span> <span class='ocrx_word' id='word_1_445' title='bbox 552 3066 608 3096; x_wconf 80' lang='lat' dir='ltr'>est</span> <span class='ocrx_word' id='word_1_446' title='bbox 638 3065 684 3102; x_wconf 57' lang='lat'>,112</span> <span class='ocrx_word' id='word_1_447' title='bbox 711 3073 783 3095; x_wconf 81' lang='lat' dir='ltr'>om.</span> <span class='ocrx_word' id='word_1_448' title='bbox 811 3064 839 3095; x_wconf 88' lang='lat' dir='ltr'><em>A</em></span> <span class='ocrx_word' id='word_1_449' title='bbox 940 3065 983 3094; x_wconf 70' lang='lat'>313</span> <span class='ocrx_word' id='word_1_450' title='bbox 1011 3062 1079 3103; x_wconf 85' lang='lat' dir='ltr'>reil</span> <span class='ocrx_word' id='word_1_451' title='bbox 1107 3064 1163 3095; x_wconf 77' lang='lat' dir='ltr'>dei</span> <span class='ocrx_word' id='word_1_452' title='bbox 1192 3063 1218 3095; x_wconf 83' lang='lat' dir='ltr'><em>A</em></span> 
     </span>
    </p>

    <p class='ocr_par' dir='ltr' id='par_1_16' title="bbox 347 3122 732 3163">
     <span class='ocr_line' id='line_1_47' title="bbox 347 3122 732 3163; baseline 0 -8"><span class='ocrx_word' id='word_1_453' title='bbox 347 3122 356 3144; x_wconf 89' lang='lat'><strong>¹</strong></span> <span class='ocrx_word' id='word_1_454' title='bbox 386 3124 437 3155; x_wconf 74' lang='lat' dir='ltr'>Cr.</span> <span class='ocrx_word' id='word_1_455' title='bbox 465 3132 586 3163; x_wconf 77' lang='lat' dir='ltr'>supra</span> <span class='ocrx_word' id='word_1_456' title='bbox 616 3132 649 3163; x_wconf 89' lang='lat' dir='ltr'>p.</span> <span class='ocrx_word' id='word_1_457' title='bbox 678 3124 732 3155; x_wconf 78' lang='lat'>23.</span> 
     </span>
    </p>

    <p class='ocr_par' dir='ltr' id='par_1_17' title="bbox 278 3170 1732 3211">
     <span class='ocr_line' id='line_1_48' title="bbox 278 3170 1732 3211; baseline -0.002 -7"><span class='ocrx_word' id='word_1_458' title='bbox 278 3177 392 3205; x_wconf 85' lang='lat' dir='ltr'>Beitr.</span> <span class='ocrx_word' id='word_1_459' title='bbox 415 3177 487 3204; x_wconf 70' lang='lat' dir='ltr'>XXl.</span> <span class='ocrx_word' id='word_1_460' title='bbox 525 3179 665 3211; x_wconf 72' lang='lat' dir='ltr'>Geyer,</span> <span class='ocrx_word' id='word_1_461' title='bbox 688 3178 858 3204; x_wconf 78' lang='lat' dir='ltr'>Abaelards</span> <span class='ocrx_word' id='word_1_462' title='bbox 879 3178 985 3211; x_wconf 81' lang='lat' dir='ltr'>philos.</span> <span class='ocrx_word' id='word_1_463' title='bbox 1007 3177 1167 3205; x_wconf 68' lang='lat' dir='ltr'>Schriften.</span> <span class='ocrx_word' id='word_1_464' title='bbox 1713 3170 1732 3201; x_wconf 83' lang='grc'>6</span> 
     </span>
    </p>
   </div>
  </div>
 </body>
</html>
