2200 3387
483 232 513 264 2.
543 232 607 264 Die
635 232 790 264 Glossen
819 241 861 264 zu
890 231 958 263 den
989 232 1222 271 Kutvgorion.
1326 232 1375 263 De
1405 232 1618 271 quantitate.
1829 228 1894 262 1157

223 322 315 358 dam
346 323 510 359 babitus
537 323 843 367 designativum
872 322 1044 360 videtur.
1073 325 1114 358 et
1141 324 1343 358 armatum
1373 325 1412 357 et
1441 324 1659 366 cappatum
1686 324 1727 357 et
1748 321 1896 358 calcia-

224 389 319 425 tuin.
355 388 511 424 babere
546 388 670 424 etiam
705 397 778 423 cor
804 388 868 423 vel
902 387 1083 423 animam
1124 387 1277 422 homini
1318 387 1466 422 deesse
1510 397 1589 422 non
1632 388 1779 431 potest.
1821 396 1897 422 nec

223 456 360 488 tamen
384 453 487 489 llaec
509 453 677 488 omnino
699 452 990 488 substantialia
1012 452 1307 497 diciinus.quia
1328 462 1419 487 cuin
1441 452 1523 487 sint
1544 452 1719 496 species.
1743 452 1898 487 babere

223 517 520 553 substantiales
558 517 714 553 formas
753 517 862 552 nullo
899 517 1020 552 inodo
1055 516 1258 553 videntur.
1299 516 1451 560 quippe
1493 516 1593 550 solis
1631 516 1899 560 qualitatibus

186 593 202 615 ει
223 582 450 618 auctoritas
478 581 516 618 id
544 581 753 618 adscribit„
782 591 890 626 quae
918 581 953 616 si
981 581 1107 617 etiam
1136 580 1370 616 accidentia
1399 590 1481 615 non
1509 580 1709 618 dicantur.
1747 590 1797 616 eo
1825 581 1900 616 sci-

175 918 204 941 [Η

176 1240 206 1265 15

175 1566 209 1590 20

178 2219 212 2241 :³¹0

180 2553 214 2576 :35

224 646 319 682 licet
346 646 467 682 modo
496 656 576 691 quo
604 646 911 691 Porphyrius
939 646 1137 681 describit
1158 645 1368 683 accidens.
1397 645 1493 681 nihil
1515 646 1694 681 fortasse
1721 645 1900 690 impedit.

225 711 292 747 Sic
319 711 428 747 enim
457 712 597 748 stricte
626 711 740 747 visus
769 713 832 747 est
860 711 1094 747 accidentia
1121 711 1407 755 descripsisse.
1437 712 1479 746 ut
1507 720 1583 746 nec
1604 711 1772 755 propria
1792 711 1902 746 colli-

225 777 342 820 geret
369 776 434 812 vel
471 785 758 821 quaecumque
796 777 945 811 natura
982 775 1170 820 separari
1208 785 1289 810 non
1328 774 1536 820 permittit.
1588 774 1636 810 Et
1671 774 1899 810 secundum

227 840 333 876 lianc
368 841 549 877 fortasse
583 841 766 876 strictam
805 841 1093 886 acceptionem
1131 840 1360 876 accidentis
1398 849 1476 875 non
1516 842 1580 875 est
1616 839 1900 884 incongruum.

225 905 258 941 si
287 915 365 941 nec
392 915 515 941 unum
545 906 699 942 homini
727 906 913 942 dicamus
944 905 1140 942 accidens
1167 914 1245 941 nec
1272 906 1412 941 tamen
1433 904 1594 940 Socrati
1616 904 1901 940 substantiale.

368 970 466 1007 Inde
495 971 619 1007 etiam
653 971 834 1007 fortasse
872 971 1033 1016 priores
1071 971 1178 1006 bene
1202 971 1206 1015 Ι
1231 970 1420 1006 dicentur
1447 970 1701 1015 quantitates
1729 969 1900 1014 qualita-
1929 969 1950 1000 s.
1982 970 2058 1000 21¹·

227 1033 346 1072 tibus.
371 1034 469 1079 quia
496 1035 818 1080 propinquiores
847 1035 1062 1071 subiectae
1092 1034 1354 1071 substantiae
1382 1034 1586 1072 videntur.
1624 1036 1665 1069 ut
1701 1034 1812 1070 linea
1839 1033 1904 1068 vel

225 1099 470 1149 superficies
487 1101 553 1136 vel
575 1110 727 1145 corpus
750 1101 868 1145 quasi
890 1100 1080 1145 proximo
1098 1100 1189 1135 loco
1207 1099 1467 1135 substantIae
1490 1099 1732 1139 adhaerent,
1755 1098 1904 1134 albedo

226 1174 328 1200 vero
356 1165 475 1209 quasi
503 1165 721 1210 supposita
749 1166 912 1202 videtur
939 1167 981 1201 et
1009 1165 1265 1210 quantitates
1293 1164 1414 1210 quasi
1441 1174 1494 1200 ex
1525 1165 1618 1209 ipsa
1645 1164 1904 1200 substantiae

227 1230 411 1266 essentia
438 1230 577 1266 statim
613 1231 780 1276 prodire
816 1231 1020 1270 videntur,
1049 1230 1270 1275 qualitates
1308 1239 1421 1268 vero,
1458 1229 1553 1266 licet
1580 1230 1786 1274 quaedam
1824 1229 1905 1265 sint

227 1294 538 1333 substantiales.
576 1295 695 1339 quasi
731 1297 880 1340 postea
915 1295 1240 1340 subsequuntur;
1279 1294 1416 1330 unitas
1453 1294 1576 1330 etiam
1608 1293 1674 1329 vel
1709 1302 1904 1329 numerus

228 1359 456 1395 secundum
490 1359 624 1404 ipsam
661 1360 888 1396 essentiam
927 1360 986 1396 rei
1023 1360 1241 1405 cogitatur,
1281 1359 1377 1404 quia
1416 1359 1456 1394 in
1497 1358 1684 1394 essentia
1723 1367 1798 1394 sua
1836 1367 1905 1394 res

227 1424 437 1469 quaelibet
472 1435 555 1461 una
582 1428 657 1466 est,
690 1426 804 1462 velut
839 1426 967 1471 plebs,
1004 1425 1079 1461 scd
1115 1435 1199 1461 non
1238 1424 1371 1470 qualis
1409 1424 1638 1460 secundum
1679 1423 1905 1459 essentiam

228 1489 374 1525 dicitur
401 1489 507 1526 sicut
534 1493 699 1535 quanta.
752 1490 870 1527 Unde
905 1493 946 1527 et
982 1490 1249 1526 Boethiusl
1289 1489 1537 1526 divisionem
1575 1489 1700 1525 totius
1727 1498 1834 1533 quae
1865 1488 1904 1524 in

229 1550 370 1600 partes
397 1555 610 1591 essentiae
637 1556 694 1596 fit,
722 1556 950 1592 secundum
973 1555 1245 1600 quantitatem
1269 1555 1359 1591 l'ieri
1382 1554 1490 1595 dicit,
1518 1554 1729 1599 qualitatis
1752 1564 1902 1590 nomen

229 1619 281 1655 ad
308 1619 441 1665 ipsam
470 1630 648 1657 massam
676 1621 887 1657 essentiae
915 1623 1174 1666 retorquens,
1202 1620 1312 1666 quod
1339 1621 1478 1665 plures
1506 1620 1631 1656 etiam
1654 1619 1760 1655 aliae
1781 1618 1907 1664 quali-

230 1686 338 1721 tates
366 1686 431 1721 vel
459 1686 566 1722 aliae
594 1686 753 1722 formae
782 1696 836 1722 ex
863 1687 954 1722 aliis
981 1686 1254 1722 innascantur
1280 1685 1615 1731 proprietatibus
1649 1684 1904 1729 quantitates

230 1759 331 1786 vero
353 1760 406 1786 cx
427 1750 571 1787 formis
593 1751 685 1788 aliis
705 1762 787 1787 non
810 1751 1051 1788 inferuntur.
1104 1750 1209 1792 Quia
1230 1751 1381 1796 itaque,
1405 1752 1447 1786 ut
1474 1753 1649 1795 supra-¹
1676 1749 1903 1786 docuimus,

230 1817 313 1851 tam
342 1817 490 1852 natura
519 1826 639 1861 quam
669 1817 1006 1853 consideratione
1033 1817 1288 1862 quantitates
1319 1816 1480 1862 priores
1515 1817 1610 1851 sunt
1637 1814 1904 1859 qualitatibus

177 1891 191 1915 ε
231 1880 271 1916 in
299 1891 356 1918 re,
385 1881 498 1926 prius
526 1882 651 1918 etiam
678 1882 731 1918 ad
759 1882 1018 1918 tractandum
1047 1883 1288 1927 assumptae
1315 1883 1420 1917 sunt.

372 1947 468 1983 lnde
491 1947 613 1983 etiam
638 1950 733 1992 post
754 1947 1029 1984 substantiam
1053 1947 1189 1983 statim
1213 1947 1486 1992 quantitatem
1508 1947 1688 1982 tractare
1710 1945 1906 1995 decrevit,

231 2012 341 2056 quod
369 2012 501 2058 magis
530 2015 592 2049 est
619 2013 763 2049 similis
785 2013 995 2058 quantitas
1018 2013 1279 2049 substantiae
1302 2021 1425 2057 quam
1447 2021 1514 2048 res
1535 2013 1769 2047 ceterorum
1791 2020 1908 2055 prae·

231 2077 560 2114 dicamentorum
578 2078 684 2114 etde
700 2088 781 2114 uno
799 2078 1093 2114 similifacilior
1105 2077 1158 2114 sit
1170 2077 1369 2114 transitus
1386 2078 1438 2114 ad
1454 2078 1627 2113 alterum
1637 2080 1661 2112 ³⁵.
1690 2076 1908 2116 Quantitas

232 2152 411 2187 namque
439 2142 544 2180 sicut
571 2143 807 2180 substantia
834 2143 1002 2180 omnino
1025 2143 1322 2180 contrarietate
1346 2144 1441 2188 eget
1462 2152 1540 2178 nec
1561 2141 1731 2178 nomina
1752 2141 1909 2187 quanti-

233 2208 329 2244 tatis
357 2207 621 2254 designativa
653 2208 706 2244 ad
740 2209 1097 2254 comparationem
1124 2208 1296 2244 veniunt
1329 2208 1435 2244 sicut
1471 2217 1548 2244 nec
1576 2207 1781 2243 vocabula
1817 2207 1908 2242 sub—

233 2273 476 2309 stantiarum
501 2273 792 2312 subiectarum.
821 2283 929 2320 quae
952 2274 1077 2310 etiam
1099 2273 1413 2310 Aristoteles
1436 2272 1694 2309 substantias
1715 2271 1908 2317 appellat.

377 2344 475 2381 Inde
512 2345 636 2381 etiam
675 2347 769 2391 post
804 2345 1083 2382 substantiam
1120 2345 1258 2381 statim
1295 2346 1402 2381 bene
1439 2344 1711 2389 quantitatem
1749 2344 1909 2378 tractat.

235 2410 331 2455 quia
369 2409 409 2446 in
450 2411 720 2455 praecedenti
766 2412 943 2447 tractatu
989 2411 1250 2447 substantiae
1295 2409 1539 2455 quantitatis
1585 2407 1909 2454 praedicamenti

235 2475 489 2511 mentionem
518 2475 732 2516 habuerat,
761 2485 890 2520 quare
918 2475 1008 2511 eius
1037 2477 1257 2512 tractatum
1287 2474 1455 2511 differre
1483 2483 1565 2509 non
1594 2472 1746 2514 debuit,
1783 2473 1825 2508 ut
1859 2472 1910 2508 de

235 2540 383 2585 quibus
411 2540 652 2586 loqueretur
678 2542 815 2581 rebus,
843 2541 981 2577 statim
1009 2540 1192 2586 aperiret
1211 2544 1229 2576 ⁵.

378 2612 448 2648 Mo
460 2612 483 2649 d
495 2622 517 2648 u
529 2622 548 2648 s
570 2621 670 2648 vero
693 2612 947 2649 tractandi
969 2612 1224 2657 quantitates
1239 2611 1485 2648 huiusmodi.
1508 2611 1617 2656 quod
1634 2610 1738 2646 duas
1754 2609 1910 2654 quanti-

384 2748 395 2779 1
413 2747 598 2788 designati
621 2756 745 2780 verum
766 2748 791 2779 A
876 2748 894 2779 2
911 2747 1045 2779 animal
1061 2746 1090 2778 A
1168 2747 1226 2778 7-8
1246 2745 1465 2786 colligentA
1554 2742 1863 2776 insubstantialis
1883 2745 1906 2772 ,1

241 2808 280 2838 14
310 2804 414 2846 vero]
435 2807 493 2838 vel
515 2806 544 2839 A
657 2807 698 2838 1ss
725 2804 1015 2846 subsequuntur]
1043 2806 1110 2837 sub
1137 2802 1204 2841 sefl
1225 2805 1254 2837 A
1357 2806 1397 2836 is
1426 2802 1538 2843 velut!
1566 2804 1623 2835 vel
1645 2803 1672 2834 A
1747 2800 1828 2841 sed}
1855 2811 1911 2833 se-

238 2867 393 2899 eundum
407 2866 435 2898 A
539 2867 580 2898 19
602 2864 710 2905 sicut}
731 2867 783 2898 sic
799 2866 828 2898 A
917 2867 959 2898 20
977 2866 1135 2906 qualitas
1151 2865 1179 2896 A
1270 2866 1308 2896 :31
1330 2862 1441 2904 quod}
1464 2873 1536 2904 que
1554 2864 1579 2894 ,1
1647 2862 1752 2894 21-22
1770 2861 1911 2901 quanti-

239 2928 335 2958 tates
366 2927 391 2956 A
543 2925 584 2957 24
615 2925 684 2957 iam
719 2927 837 2957 tracta
864 2927 995 2957 natura
1022 2924 1318 2956 consideratione
1345 2923 1369 2955 Α
1522 2923 1564 2954 29
1592 2920 1698 2959 sieut}
1726 2921 1778 2952 sic
1805 2920 1855 2952 ait
1881 2919 1907 2952 A

240 2984 340 3027 eget]
369 2987 522 3026 quaeret
549 2985 574 3017 A
679 2985 721 3016 :33
751 2981 1052 3025 praedicamenti!
1081 2983 1135 3024 pri
1164 2983 1258 3015 modi
1287 2982 1314 3014 Α
1416 2983 1459 3013 35
1488 2982 1725 3022 loquerentur
1751 2980 1779 3012 A

383 3059 392 3081 ¹
423 3061 474 3093 Cr.
503 3060 664 3094 Boeth..
696 3060 746 3091 De
772 3059 879 3091 divis.
909 3059 964 3091 PL
991 3060 1045 3095 64,
1074 3058 1198 3090 SSOA.
1321 3057 1335 3078 '-'
1362 3057 1412 3089 (tr.
1442 3064 1564 3098 supra
1593 3066 1626 3097 p.
1658 3051 1792 3088 1664-5.

382 3119 397 3140 ³
424 3119 587 3157 Abael„
616 3118 726 3156 Dial„
754 3127 788 3159 p.
820 3119 895 3150 179.
1012 3117 1018 3138 ¹
1046 3117 1196 3150 Abacl.
1226 3116 1247 3148 I.
1276 3126 1315 3153 e„
1344 3125 1377 3158 p.
1409 3116 1484 3149 179.
