2200 3387
177 910 209 934 10

172 1235 204 1260 15

169 1560 204 1586 20

166 1886 201 1913 25

163 2217 199 2243 ³0

160 2867 196 2892 40

432 221 463 255 2.
491 221 557 255 Die
584 221 742 256 Glossen
770 233 813 257 zu
841 223 910 257 den
940 224 1176 266 Kategorien.
1205 244 1247 248 -
1276 226 1328 259 De
1355 227 1552 268 speciebus
1579 230 1709 261 motus.
1840 225 1906 262 301

231 318 425 355 dicebant
452 321 493 356 et
519 319 628 356 idem
658 321 823 366 penitus
850 323 1003 358 motum
1033 324 1075 358 et
1101 323 1390 360 alterationem
1419 334 1515 360 esse
1545 325 1752 366 volebant.
1787 336 1909 363 omne

231 383 390 420 scilicet
417 385 527 430 quod
555 387 746 425 mutatur.
775 386 962 423 dicentes
995 388 1174 424 alterari.
1227 388 1359 429 Quam
1387 390 1553 434 quidem
1589 391 1827 436 opinionem
1856 392 1909 428 ab

231 448 322 493 ipso
351 449 481 486 refelli
510 450 550 486 in
589 452 861 496 sequentibus
889 452 1088 488 videmus.
1141 453 1192 488 At
1229 454 1262 489 si
1300 454 1499 490 attentius
1538 455 1816 501 inspiciamus,
1854 457 1910 493 in-

232 514 448 550 veniemus
477 515 720 561 discipulum
751 517 948 562 magistro
977 527 1059 553 non
1087 517 1217 554 fuisse
1246 519 1591 559 contrarium1.
1626 521 1698 556 sed
1728 521 1908 558 fortasse

231 578 502 618 diversum.
544 590 625 616 non
663 580 737 627 [in]
775 581 1059 621 dissidentem,
1101 582 1175 618 sed
1212 583 1367 627 largius
1405 586 1587 620 utentem
1627 585 1704 621 hoc
1742 587 1908 622 nomine

230 643 340 687 quod
369 646 433 680 est
460 645 651 681 alteratio
680 646 745 681 vel
773 645 1005 685 alteratum,
1034 655 1108 691 pro
1131 646 1242 682 omni
1265 646 1459 683 videlicet
1480 650 1591 684 motu
1614 650 1678 684 vel
1701 659 1775 694 pro
1798 651 1909 686 omni

231 709 399 749 mutato.
428 712 470 745 ut
497 710 644 755 quibus
673 710 888 746 vocabulis
911 709 1366 756 Aristotele82utitur
1386 712 1635 757 specialiter,
1659 714 1908 760 Porphyrius

229 774 484 819 generaliter
505 775 693 820 accipiat,
719 775 952 812 diversus
976 776 1140 820 quidem
1164 776 1203 812 in
1224 777 1472 822 acceptione
1495 779 1804 819 vocabulorum,
1826 790 1908 817 non

229 839 269 875 in
297 840 506 876 sententia
533 840 833 876 contrarius.
886 840 986 877 Nam
1016 843 1057 877 et
1084 841 1174 886 ipse
1196 841 1506 887 Porphyrius
1535 844 1683 880 eadem
1705 846 1910 882 vocabula

230 904 468 950 specialiter
487 905 618 951 accipi
635 915 717 942 non
734 905 981 942 contradicit
1002 906 1117 942 iuxta
1138 909 1383 944 consuetam
1407 908 1768 954 significationem,
1785 920 1908 956 quam

227 968 536 1005 Aristoteles
564 969 642 1006 hoc
669 970 761 1006 loco
789 970 1067 1015 prosequitur,
1104 970 1144 1007 in
1172 981 1255 1016 qua
1286 972 1451 1017 quidem
1489 974 1662 1019 speciali
1699 976 1739 1011 et
1775 976 1908 1022 magis

226 1033 347 1069 solita
374 1033 682 1080 significatione
710 1036 929 1080 acceptum
956 1035 1034 1071 hoc
1063 1045 1215 1072 nomen
1243 1036 1435 1073 alteratio
1460 1038 1569 1074 bene
1598 1038 1909 1076 Aristoteles

226 1099 353 1143 negat
372 1098 625 1143 generaliter
645 1098 777 1143 accipi
799 1108 873 1144 pro
895 1099 1007 1134 omni
1032 1100 1156 1141 motu,
1185 1100 1259 1136 sed
1282 1100 1322 1136 in
1345 1101 1426 1137 alia
1447 1102 1627 1138 nominis
1649 1103 1907 1148 acceptione,

225 1171 318 1199 cum
346 1162 541 1199 videlicet
567 1163 752 1209 speciale
774 1165 1023 1201 vocabulum
1044 1165 1155 1210 quod
1177 1167 1240 1202 est
1261 1166 1465 1207 alteratio,
1494 1167 1534 1203 in
1556 1167 1906 1214 significationem

224 1228 436 1274 generalis
452 1228 658 1265 transfert.
705 1229 825 1266 Aliud
842 1231 907 1266 est
921 1232 1061 1266 autem
1084 1230 1318 1267 diversos
1342 1241 1448 1273 esse,
1471 1233 1581 1269 aliud
1605 1234 1906 1271 contrarios.

225 1291 430 1329 Contrarii
446 1293 557 1330 enim
571 1303 658 1330 non
674 1294 864 1331 dicuntur
879 1297 1073 1332 auctores
1086 1296 1165 1332 nisi
1187 1296 1256 1341 qui
1272 1297 1487 1342 oppositas
1504 1299 1649 1335 tenent
1663 1300 1906 1340 sententias.

225 1368 334 1404 quae
362 1359 521 1396 scilicet
547 1359 604 1396 ita
630 1359 706 1396 sibi
732 1360 984 1397 adversae
1012 1362 1118 1402 sunt,
1148 1363 1191 1397 ut
1220 1361 1339 1398 simul
1368 1364 1479 1399 stare
1508 1373 1590 1399 non
1627 1366 1794 1409 queant,
1831 1366 1906 1402 sed

225 1424 292 1460 vel
320 1426 538 1470 utramque
566 1425 633 1461 vel
661 1425 833 1462 alteram
863 1427 1029 1462 constat
1065 1436 1163 1463 esse
1199 1427 1358 1464 falsam.
1411 1427 1615 1465 Diversae
1654 1430 1906 1476 quandoque

225 1499 322 1526 esse
359 1492 545 1535 possunt,
581 1499 689 1536 quae
726 1491 851 1527 etiam
887 1500 1014 1528 verae
1048 1494 1152 1533 sunt,
1190 1493 1318 1529 veluti
1351 1493 1386 1529 si
1423 1493 1487 1530 hic
1520 1494 1804 1531 Alexandrum
1839 1496 1908 1533 de·

224 1557 406 1592 mentem
422 1563 518 1591 esse
534 1555 745 1602 intelligat,
761 1556 828 1593 ille
844 1556 1089 1599 animosum,
1106 1557 1186 1594 div
1196 1567 1246 1594 er
1257 1568 1276 1594 s
1287 1568 1311 1594 a
1324 1559 1491 1604 quidem
1504 1560 1688 1597 sentiunt
1701 1562 1742 1597 et
1755 1561 1906 1602 dicunt,

224 1620 299 1656 sed
326 1629 409 1656 non
437 1618 534 1666 [est]
562 1621 795 1663 adversa,
823 1631 916 1658 cum
952 1624 1129 1668 utraque
1157 1623 1278 1660 simul
1306 1633 1403 1661 esse
1431 1627 1598 1670 queant,
1633 1628 1676 1662 ut
1712 1626 1906 1663 videlicet

226 1685 337 1722 idem
365 1687 405 1721 et
437 1686 612 1722 demens
646 1686 699 1723 sit
732 1689 773 1723 et
808 1687 1021 1724 animosus
1057 1697 1111 1724 ex
1147 1689 1472 1734 proprietatibus
1509 1690 1699 1727 diversis.
1750 1691 1906 1729 Poterit

222 1749 413 1786 fortassis
441 1751 482 1786 et
509 1749 814 1796 Porphyrius
850 1751 1022 1797 intelligi
1049 1761 1074 1788 a
1101 1752 1420 1798 significatione,
1448 1764 1570 1800 quam
1599 1755 1904 1793 Aristoteles

224 1815 397 1860 accepit,
426 1825 510 1852 non
544 1816 790 1858 recessisse,
829 1826 921 1853 cum
957 1817 1116 1854 scilicet
1153 1818 1210 1854 ait
1249 1819 1546 1856 substantiales
1584 1829 1749 1866 quoque
1790 1820 1907 1858 diffe-

222 1880 379 1916 rentias
405 1880 696 1917 alterationem
723 1881 875 1922 facere.
907 1883 950 1918 ut
976 1881 1171 1919 videlicet
1203 1883 1244 1919 in
1279 1884 1428 1920 eadem
1464 1894 1509 1921 re
1546 1885 1665 1922 simul
1703 1896 1795 1923 cum
1834 1896 1902 1933 ge-

220 1945 438 1982 neratione
466 1946 656 1983 alteratio
685 1947 958 1989 contineatur,
995 1957 1073 1984 nec
1109 1949 1250 1985 tamen
1288 1949 1356 1985 illa
1393 1950 1446 1986 sit
1479 1950 1595 1987 haec.
1647 1950 1750 1988 Cum
1787 1952 1896 1989 enim

218 2011 298 2048 hoc
325 2021 476 2057 corpus
509 2012 550 2048 in
584 2012 794 2049 hominem
830 2013 979 2049 transit
1015 2012 1261 2051 differentiis
1298 2015 1574 2052 substantiam
1612 2016 1902 2058 formantibus,

218 2078 417 2121 quantum
445 2076 497 2112 ad
519 2076 795 2113 substantiam
816 2077 997 2113 hominis
1019 2087 1142 2122 quam
1157 2079 1344 2121 assumit,
1367 2080 1560 2125 generari
1582 2080 1731 2118 dicitur
1759 2081 1902 2128 [quod]

218 2141 260 2177 in
287 2150 339 2178 eo
367 2141 525 2178 scilicet
551 2142 662 2187 quod
682 2142 729 2178 fit
748 2142 902 2179 animal
917 2143 1121 2179 rationale
1143 2144 1330 2186 mortale,
1353 2147 1553 2190 quantum
1574 2156 1676 2183 vero
1698 2148 1750 2184 ad
1772 2148 1902 2184 solam

220 2206 464 2252 qualitatum
503 2206 839 2244 informationem
880 2208 1061 2254 pertinet
1101 2209 1210 2254 quod
1251 2209 1448 2247 videlicet
1492 2211 1709 2249 rationalis
1747 2213 1799 2249 sit
1838 2214 1903 2250 vel

219 2270 418 2311 mortalis,
446 2270 614 2307 alterari
641 2271 799 2308 dicitur.
850 2271 898 2308 Et
924 2272 965 2308 in
992 2273 1071 2309 hac
1099 2273 1265 2318 quidem
1291 2275 1503 2312 sententia
1523 2278 1660 2312 motus
1682 2277 1903 2314 cuiuslibet

218 2335 390 2376 formae,
417 2337 500 2372 tam
528 2336 687 2373 scilieet
714 2337 999 2374 substantialis
1022 2347 1146 2383 quam
1167 2339 1452 2380 accidentalis.
1476 2343 1675 2386 quantum
1697 2342 1750 2379 ad
1770 2343 1901 2388 ipsius

218 2401 448 2446 simplicem
488 2400 824 2438 informationem
864 2403 1056 2447 pertinet,
1096 2404 1288 2440 alteratio
1329 2405 1408 2442 dici
1452 2408 1600 2451 potest.
1664 2407 1806 2453 Itaque
1848 2418 1901 2445 ex

218 2465 455 2502 differentia
482 2466 563 2502 duo
591 2468 727 2503 motus
755 2468 1011 2514 contingunt,
1046 2478 1151 2505 unus
1188 2469 1354 2514 quidem
1382 2473 1581 2516 quantum
1618 2472 1671 2509 ad
1708 2472 1903 2510 informa-

182 2544 197 2568 5
218 2530 374 2567 tionem
402 2530 493 2566 eius
521 2530 590 2575 qui
618 2532 683 2567 est
709 2531 912 2573 alteratio.
940 2532 1044 2568 alius
1073 2535 1271 2578 quantum
1300 2535 1351 2571 ad
1375 2535 1570 2572 effectum
1599 2536 1739 2581 ipsius,
1768 2537 1806 2573 id
1837 2540 1901 2574 est

217 2596 415 2640 quantum
443 2595 496 2631 ad
530 2596 806 2632 substantiam
840 2597 1007 2642 speciei,
1045 2607 1152 2644 quae
1189 2599 1427 2637 differentia
1464 2601 1688 2646 perficitur,
1730 2602 1798 2647 qui
1836 2604 1900 2639 est

215 2660 444 2706 generatio.
497 2659 612 2697 Bene
640 2661 781 2707 itaque
808 2661 1120 2708 Porphyrius
1150 2673 1315 2701 omnem
1337 2665 1615 2703 differentiam
1638 2666 1777 2703 facere
1799 2667 1900 2703 alte-

216 2727 348 2762 ratum
377 2725 444 2766 ait,
472 2726 701 2762 secundum
729 2727 959 2772 simplicem
996 2728 1059 2764 sui
1096 2729 1444 2766 informationem.
1497 2731 1616 2768 Unde
1652 2732 1762 2768 bene
1801 2732 1900 2768 alte-

215 2789 319 2825 ratio
347 2791 483 2825 motus
511 2789 721 2834 qualitatis
743 2790 901 2832 dicitur,
930 2801 1021 2828 cum
1044 2793 1273 2829 secundum
1297 2794 1633 2831 informationem
1656 2795 1898 2840 simpliciter

215 2854 457 2900 accipiatur.
484 2855 702 2900 generatio
731 2865 831 2891 vero
860 2866 942 2892 non
967 2857 1177 2901 qualitatis
1201 2858 1358 2898 dicitur,
1386 2860 1459 2895 sed
1485 2859 1616 2905 magis
1639 2861 1898 2897 substantiae

215 2919 416 2965 qualitate
437 2919 628 2956 affectae.
681 2919 823 2965 Itaque
845 2921 924 2957 hoc
951 2931 1103 2967 corpus
1127 2922 1166 2958 in
1191 2932 1241 2959 eo
1258 2923 1369 2968 quod
1392 2925 1594 2961 rationale
1611 2925 1665 2964 fit.
1689 2926 1898 2967 alteratur,

216 2984 258 3021 in
296 2993 346 3020 eo
387 2985 498 3029 quod
537 2985 690 3021 animal
729 2986 945 3025 rationale.
986 2990 1220 3033 generatur.
1274 2988 1358 3025 Etsi
1399 2989 1507 3025 enim
1549 2992 1723 3035 uterque
1763 2993 1898 3028 motus

359 3110 369 3132 ¹
400 3111 452 3144 Cf.
479 3120 601 3153 supra
630 3121 663 3153 p.
693 3111 773 3152 462,
801 3121 834 3154 p.
863 3112 980 3146 21420.
