2200 3387
419 224 449 256 2.
477 223 543 256 Die
570 223 728 256 Glossen
756 232 799 256 zu
827 223 896 256 den
925 223 1158 263 Kategorien.
1191 240 1228 242 *—
1260 222 1312 254 Do
1340 223 1437 262 quali
1467 224 1502 254 ct
1529 222 1716 263 qualitate.
1845 220 1913 254 2:33

378 321 536 357 Albedo
569 320 696 356 euim.
748 320 970 365 Postquam
1005 319 1187 356 ostendit
1224 319 1424 364 quasdam
1464 319 1687 364 qualitates
1711 319 1795 362 lita
1832 319 1910 355 diei

235 385 458 432 passibiles
486 385 720 431 qualitates,
750 385 859 430 quod
888 385 1081 423 inierunt.
1119 384 1301 420 ostendit
1329 384 1432 420 alias
1471 384 1525 419 ita
1562 384 1642 419 dici
1680 384 1913 430 passibiles.

234 450 345 496 quod
372 450 615 490 inseruntur,
658 452 700 486 ut
727 451 822 486 sunt
849 450 1013 486 colores
1042 449 1148 485 sieut
1175 449 1307 494 pallor
1333 458 1598 494 permanens.
1627 449 1694 494 qui
1724 459 1775 485 ex
1805 449 1914 485 infir-

235 515 377 552 mitate
406 517 528 552 natus
556 517 631 552 est.

197 583 213 607 ⁵
377 581 596 625 Quoniam
623 591 735 625 eryo.
790 580 1137 625 Quandoquidem
1165 580 1216 616 ad
1240 579 1534 616 discretionem
1558 579 1677 615 liuius
1701 580 1913 616 maneriae

233 648 450 683 ostensum
478 648 543 682 est
571 646 774 692 quasdam
802 646 956 682 inferre
986 647 1027 682 et
1048 645 1250 690 quasdam
1274 644 1425 682 inferri.
1455 655 1556 689 ergo
1580 647 1752 690 propter
1772 654 1915 681 earum

233 712 529 749 discretionem
574 712 912 749 determinemus.
961 720 1069 756 quae
1116 720 1140 746 a
1185 710 1333 756 quibus
1374 710 1606 746 inferuntur
1644 710 1915 755 frequentius,

234 777 476 814 transitoria
502 777 714 814 sciliceta
741 776 1004 813 transitoriis.
1057 776 1176 812 Unde
1215 785 1237 812 e
1275 775 1482 812 contrario
1523 775 1778 820 relinquitur.
1820 775 1917 820 quia

233 843 530 888 permanentes
557 851 583 878 a
609 842 963 887 permanentibus.

182 913 213 938 ¹0
377 907 444 944 Sic
465 908 576 954 lege:
598 907 877 944 illanifeslum
894 909 964 949 est,
985 907 1197 948 (moniam,
1218 907 1326 943 sinn!
1349 906 1568 948 bassillae>
1595 907 1916 948 m.<ut‹1te·‹me.s·>

233 973 500 1016 c.<ol0rum>,
536 973 614 1009 hoc
649 974 713 1009 est
739 973 972 1009 inferuntur
998 973 1111 1008 multi
1148 972 1370 1009 mutabiles
1407 972 1571 1008 colores
1609 974 1650 1008 et
1685 971 1914 1008 transitorii

233 1048 308 1085 per
333 1038 513 1084 aliquam
540 1038 796 1084 passionem,
830 1038 909 1074 hoc
943 1039 1008 1074 est
1034 1037 1316 1074 transitoriam
1355 1037 1476 1074 huius
1512 1037 1661 1073 tertiae
1698 1037 1915 1074 maneriae

233 1102 486 1148 qualitatem,
509 1104 552 1138 ut
572 1103 637 1138 hie
659 1102 801 1139 stricte
825 1102 968 1148 passio
991 1104 1187 1143 sumatur,
1215 1102 1322 1138 sieut
1344 1102 1383 1137 in
1406 1101 1621 1147 principio.
1662 1102 1917 1138 Erubeseens

233 1168 361 1204 enim.
415 1167 524 1204 Vere
552 1168 794 1204 transitoria
826 1168 1001 1204 infertur
1028 1177 1081 1204 ex
1109 1167 1361 1207 transitoria,
1390 1167 1487 1212 quia
1524 1167 1580 1203 ita
1616 1169 1656 1204 et
1688 1167 1728 1203 in
1761 1168 1918 1212 tempo-

183 1243 215 1269 15
235 1233 390 1270 ralibus
413 1235 454 1270 et
474 1233 515 1270 in
538 1233 796 1270 naturalibus
817 1233 1097 1279 qualitatibus.
1151 1233 1268 1274 Quod
1291 1243 1435 1269 rursus
1458 1233 1496 1269 in
1518 1233 1702 1278 partibus
1723 1233 1914 1273 ostendit.

232 1299 331 1344 quia
356 1299 484 1335 rubor
511 1308 565 1336 ex
593 1299 887 1336 erubescentia
915 1298 1091 1335 infertur
1118 1301 1159 1335 et
1186 1299 1320 1344 pallor
1347 1308 1399 1335 ex
1427 1298 1586 1337 timore.
1622 1308 1730 1344 quae
1766 1308 1914 1335 omnes

233 1363 456 1410 qualitates
496 1364 743 1401 transitivae
784 1365 881 1400 sunt
921 1366 962 1400 et
1003 1364 1269 1410 temporales.
1331 1364 1603 1409 Temporales
1644 1365 1782 1400 autem
1823 1363 1915 1400 illas

233 1429 454 1475 qualitates
488 1439 690 1466 vocamus
724 1439 832 1475 quae
870 1429 1045 1466 subiecti
1072 1429 1278 1466 nativitati
1315 1429 1523 1471 accidunt,
1564 1430 1776 1466 naturales
1815 1439 1915 1466 vero

234 1504 343 1540 quae
370 1495 410 1531 in
439 1494 660 1531 nativitate
688 1494 866 1531 subiecti
892 1495 1006 1535 fiunt,
1044 1496 1087 1530 ut
1114 1495 1149 1531 si
1175 1495 1313 1531 infans
1340 1495 1555 1531 nascendo
1584 1495 1762 1540 aliquam
1790 1504 1917 1541 angu-

182 1569 217 1594 20
237 1560 359 1597 stiam
376 1569 429 1597 ex
444 1560 632 1596 laesione
654 1560 845 1606 patiatur.
886 1560 1197 1596 Aristoteles
1220 1560 1343 1596 etiam
1365 1560 1649 1596 infirmitatem
1671 1561 1713 1596 ut
1734 1560 1914 1596 colorem

235 1625 417 1671 aliquem
446 1627 609 1662 tractat.
661 1626 709 1662 ΕΙ
737 1626 1079 1667 unumquodque
1107 1626 1277 1669 talliam,
1304 1625 1344 1662 id
1372 1627 1437 1662 est
1464 1626 1788 1671 unumquodque
1822 1626 1915 1661 sub—

236 1690 390 1728 iectum
411 1691 483 1727 tali
498 1691 639 1728 colore
662 1691 868 1728 accidenti
889 1691 1097 1733 affectum,
1120 1690 1268 1727 dicitur
1288 1691 1346 1727 ita
1367 1691 1652 1736 temporaliter
1673 1690 1915 1727 coloratum.

381 1756 532 1800 Quare.
583 1756 807 1802 Postquam
845 1756 1028 1793 ostendit
1070 1756 1342 1802 temporalem
1389 1756 1631 1802 qualitatem
1679 1756 1823 1792 inferri
1866 1765 1918 1792 ex

237 1822 467 1868 temporali,
495 1823 621 1859 docet
648 1823 689 1858 et
716 1822 949 1858 naturalem
976 1822 1118 1858 inferri
1146 1831 1201 1858 ex
1221 1822 1411 1862 naturali,
1440 1823 1480 1858 et
1504 1822 1628 1858 infert
1649 1831 1673 1857 a
1695 1821 1815 1857 simili
1837 1821 1914 1857 sie:

182 1900 216 1926 25
238 1887 585 1933 Quandoquidem
613 1887 855 1933 temporalis
882 1887 1056 1924 infertur
1083 1897 1136 1924 ex
1164 1887 1384 1933 temporali
1406 1887 1616 1932 qualitate.
1638 1887 1840 1923 naturalis
1863 1896 1916 1923 ex

237 1953 315 1989 sibi
341 1953 556 1995 consimili,
594 1953 634 1989 id
668 1954 734 1989 est
761 1963 815 1989 ex
842 1953 1030 1989 naturali.
1083 1953 1130 1989 Et
1163 1953 1243 1989 hoe
1277 1955 1358 1989 est:
1398 1953 1443 1989 Si
1483 1953 1580 1998 quis
1618 1953 1658 1988 in
1698 1952 1915 1988 nativitate

235 2018 439 2064 patiatur
463 2018 638 2064 aliquid
664 2018 760 2061 tale,
796 2019 875 2055 hoc
902 2020 968 2055 est
994 2019 1227 2055 naturalem
1254 2018 1496 2064 passionem
1534 2018 1714 2063 aliquam
1751 2018 1916 2054 habeat.

237 2092 345 2129 quae
382 2084 565 2121 colorem
610 2083 772 2125 inierat,
813 2084 1073 2120 consimilem
1113 2084 1284 2120 habebit
1325 2084 1508 2120 colorem
1549 2083 1746 2129 passioni,
1786 2083 1826 2119 in
1866 2092 1917 2118 eo

237 2149 397 2186 scilicet
423 2149 534 2194 quod
561 2149 762 2186 naturalis
800 2151 891 2186 erat
927 2149 1050 2186 etiam
1087 2150 1212 2186 color.
1266 2149 1384 2193 Quae
1416 2149 1543 2185 etaim.
1596 2149 1704 2185 Vere
1741 2148 1915 2185 similem

181 2227 216 2252 30
236 2214 419 2251 colorem
436 2214 617 2256 habebit,
634 2214 733 2260 quia
754 2215 997 2251 naturalem.
1050 2215 1085 2251 A
1107 2216 1238 2260 parte.
1290 2214 1337 2250 Et
1356 2214 1585 2260 praemittit
1606 2214 1916 2251 similitudinem

238 2279 289 2316 de
327 2279 638 2325 temporalibus,
676 2280 773 2325 quia
817 2280 938 2316 sicuti
978 2280 1219 2326 temporalis
1260 2289 1368 2325 quae
1408 2280 1583 2316 infertur
1623 2289 1648 2316 a
1687 2280 1916 2325 temporali.

240 2343 383 2379 similis
412 2345 476 2380 est
503 2343 541 2380 ei
569 2353 594 2380 a
620 2353 702 2389 qua
728 2344 912 2383 infertur.
940 2345 980 2381 id
1009 2346 1074 2381 est
1100 2344 1140 2381 in
1169 2354 1220 2380 eo
1248 2344 1443 2381 videlieet
1474 2344 1584 2390 quod
1611 2344 1813 2381 naturalis
1842 2345 1916 2380 est.

236 2408 284 2445 Et
309 2409 388 2445 hoe
415 2409 496 2445 est:
525 2419 646 2452 quae,
674 2409 713 2446 id
741 2411 806 2446 est
834 2410 979 2455 qualis,
1008 2412 1065 2446 est
1093 2410 1273 2452 affectio
1309 2410 1349 2446 id
1387 2411 1452 2446 est
1487 2410 1603 2446 color
1639 2409 1916 2446 transitorius.

234 2474 346 2510 meta
376 2484 502 2517 nune,
534 2474 574 2510 id
607 2476 672 2511 est
698 2475 994 2521 temporaliter.
1033 2477 1216 2520 propter
1254 2475 1554 2511 vereewecliam
1596 2475 1708 2511 circa
1750 2484 1917 2519 eorpus.

182 2552 217 2576 35
238 2539 371 2584 qualis
399 2540 474 2580 est,
502 2539 681 2584 inquam,
709 2541 907 2582 <eadem>
940 2550 1034 2577 cum
1060 2540 1153 2586 ipsa
1182 2540 1440 2577 verecundia
1474 2540 1514 2576 in
1544 2550 1594 2576 eo
1622 2540 1780 2576 seilicet
1807 2539 1917 2584 quod

238 2604 425 2641 eiusdem
452 2604 621 2650 generis
657 2606 721 2641 est
754 2615 847 2642 cum
884 2615 936 2642 ea
972 2615 1080 2651 quae
1117 2606 1358 2651 temporalis
1395 2607 1470 2644 est.
1511 2606 1567 2642 ita
1607 2607 1647 2641 et
1688 2605 1916 2641 seeundum

238 2670 469 2706 naturalem
508 2669 751 2715 passionem
787 2670 861 2707 fiet
897 2671 1013 2707 color
1047 2671 1169 2709 idem.
1206 2671 1247 2707 id
1284 2672 1348 2707 est
1387 2670 1574 2707 eiusdem
1612 2670 1782 2716 generis
1825 2679 1915 2706 cum

237 2735 330 2780 ipsa
357 2735 568 2780 passione,
598 2735 639 2771 in
667 2745 718 2771 eo
747 2736 905 2772 scilieet
933 2736 1041 2781 quod
1069 2736 1271 2772 naturalis
1300 2736 1388 2772 erit.
1441 2736 1559 2776 Quod
1587 2737 1628 2771 et
1661 2735 1751 2780 ipse
1779 2735 1917 2771 statim

238 2799 487 2837 determinat
515 2800 679 2836 dicens:
716 2800 774 2837 ita
800 2803 843 2837 ut
870 2802 994 2838 etiam
1022 2802 1141 2837 color
1165 2801 1219 2837 sit
1252 2793 1412 2837 similis
1440 2800 1712 2843 natm-aliter,
1749 2800 1827 2836 hoe
1855 2801 1917 2836 est

186 2873 219 2898 ιο
240 2865 280 2902 in
308 2865 537 2906 nativitate,
566 2865 751 2911 passioni
779 2876 826 2903 se
854 2866 1059 2904 iniere-nti.

385 2999 427 3031 19
455 2999 648 3031 nativitate
674 2999 701 3032 A
847 3000 891 3032 20
918 2998 1143 3039 Aristotelis]
1171 3009 1217 3032 au
1247 3002 1272 3031 Λ
1329 2999 1378 3038 ut}
1406 3001 1467 3032 aut
1497 3000 1524 3030 ,1
1673 2999 1715 3030 28
1740 3000 1831 3039 post
1858 3006 1917 3030 co-

240 3057 354 3089 lorem
383 3056 526 3089 lacuna
557 3057 595 3089 ἱη
626 3057 704 3090 cod.
816 3058 860 3090 39
888 3059 1104 3091 naturaliter
1129 3058 1176 3095 A:
1211 3058 1367 3091 Boetn:
1398 3058 1587 3092 naturalis.
1616 3057 1761 3096 Arist„
1791 3057 1915 3096 Catey.

242 3125 276 3157 p.
304 3115 366 3149 9b.
397 3116 455 3148 18:
485 3114 597 3159 φύσει
623 3115 783 3155 (Waitz
810 3117 833 3155 Ι,
862 3126 895 3159 p.
927 3117 1016 3155 106).

1937 266 2073 300 Boetli.

1939 324 1972 356 p.
1984 313 2052 348 24?
2064 314 2092 348 A

1941 370 1964 401 s.
1991 371 2061 402 321)

1943 555 2078 590 novun.

1946 613 1981 646 p.
1992 602 2060 637 ’.ΞΠ
2072 603 2103 637 Β

1947 1735 2083 1771 Boetli.

1947 1794 1978 1827 p.
1989 1783 2057 1818 *247
2072 1783 2104 1818 D
