2200 3387
490 272 519 303 2.
550 271 614 303 llic
643 271 798 303 Ulossen
828 279 870 302 zu
898 270 966 301 (len
998 269 1232 309 lx'utegorien.
1263 287 1303 289 —-
1334 269 1385 300 l)e
1413 269 1629 300 substantia.
1836 264 1902 299 147

227 369 354 404 color.
410 368 629 413 Postquam
659 366 985 412 exemplificavit
1022 366 1072 402 de
1111 365 1173 401 liis
1214 365 1448 401 nominibus
1485 375 1592 409 quae
1629 365 1819 400 dicuntur
1852 365 1903 400 de

231 434 371 479 primis
399 433 644 470 substantiis
679 435 720 468 ut
747 432 799 468 (le
833 431 1044 469 subiectis.
1082 430 1363 475 exemplificat
1399 430 1450 466 de
1489 430 1550 465 liis
1588 439 1695 474 quae
1733 432 1828 465 sunt
1864 430 1902 465 in

228 498 369 543 primis
398 497 640 534 substantiis
667 499 709 532 ut
737 496 774 532 in
804 495 1015 531 subiectis.
1068 495 1149 530 Sed
1177 494 1274 539 quia
1308 504 1404 530 esse
1440 494 1477 529 in
1516 494 1703 529 subiecto
1738 494 1903 539 proprie

228 573 363 599 rerum
392 565 467 600 estv
495 563 693 598 transfert
720 571 766 597 se
794 561 845 597 ad
875 570 942 597 res
969 561 1124 599 dicens,
1153 560 1250 605 quia
1277 559 1392 595 color
1420 561 1484 595 est
1511 559 1550 594 in
1579 569 1755 604 corpore
1788 561 1830 595 ut
1863 559 1901 595 in

191 636 207 658 ⁵
230 628 429 665 subiecto.
458 637 558 672 ergo
587 627 626 663 in
655 627 793 672 aliquo
821 635 1008 671 corpore.
1038 625 1077 661 id
1105 627 1169 661 est
1191 625 1255 661 vel
1285 625 1324 660 in
1353 625 1431 660 boc
1454 624 1518 660 vel
1547 624 1587 660 in
1610 624 1676 660 illo
1698 624 1902 660 fundatur.

229 693 359 729 Locus
387 703 411 729 a
439 693 606 729 diverso
636 692 700 728 vel
728 702 753 727 a
775 691 875 737 pari.
927 691 1034 726 Nam
1058 691 1095 726 si
1118 701 1214 725 mm.
1267 690 1494 726 Confirmat
1516 690 1622 725 lianc
1643 692 1905 734 argumenta-

228 759 394 796 tionem.
423 758 580 794 scilicet
607 757 716 803 quod
738 757 835 802 quia
862 757 901 793 in
924 766 1100 801 corpore
1122 756 1327 795 fundatur,
1356 755 1394 791 in
1419 756 1496 791 lioc
1517 755 1582 791 vel
1606 755 1645 791 in
1669 755 1735 791 illo
1764 755 1905 791 funda-

228 827 302 863 tur.
331 834 379 860 ae
407 824 440 859 si
469 824 643 860 diceret:
681 822 777 868 quia
805 832 927 858 omne
955 821 1065 866 quod
1102 821 1298 858 fundatur
1331 821 1369 856 in
1409 830 1597 865 corpore,
1634 820 1829 856 fundatur
1864 820 1903 856 in

228 890 307 925 boc
342 889 408 925 vel
447 889 485 924 in
524 889 602 924 illo.
656 888 689 924 Α
727 897 866 924 causa.
928 887 1004 923 Pro
1041 887 1119 923 hac
1155 888 1293 922 autem
1335 886 1622 931 propositione
1660 885 1776 931 ponit
1815 886 1905 922 eius

178 960 208 984 ¹0
229 963 476 990 conversam
514 963 588 998 per
626 952 1039 998 contrapositionem.
1079 962 1128 988 ac
1167 951 1201 987 si
1240 951 1414 987 diceret:
1454 951 1550 996 quia
1589 951 1780 996 quicquid
1823 961 1903 987 non

227 1019 422 1056 fundatur
449 1019 488 1055 in
516 1019 594 1055 hoc
622 1018 688 1054 vel
716 1018 756 1054 in
784 1018 852 1053 illo
880 1027 1068 1063 corpore.
1104 1027 1186 1053 non
1213 1016 1409 1053 fundatur
1442 1017 1481 1052 in
1515 1025 1702 1061 corpore.
1755 1016 1801 1052 Et
1829 1017 1906 1052 boc

229 1085 309 1120 est:
337 1083 437 1120 Nam
460 1083 494 1119 si
514 1093 597 1119 non
618 1082 772 1128 aliquid
801 1083 866 1118 est
893 1082 933 1117 in
961 1081 1100 1127 aliquo
1129 1081 1388 1127 singulorum
1416 1082 1492 1117 etc.
1544 1081 1686 1119 Nota.
1715 1081 1824 1126 quod
1853 1090 1905 1116 ex

228 1148 425 1185 hocloco
453 1148 546 1185 talis
584 1148 762 1184 habetur
795 1147 988 1193 regula,
1025 1147 1135 1192 quod
1173 1146 1367 1192 quicquid
1405 1146 1601 1182 fundatur
1634 1146 1673 1182 in
1711 1146 1907 1182 secundis

229 1214 482 1254 substantiis,
509 1214 705 1250 fundatur
732 1213 771 1249 in
800 1213 954 1258 primis,
982 1212 1022 1249 id
1050 1214 1114 1248 est
1136 1212 1330 1257 quicquid
1352 1212 1548 1248 fundatur
1569 1212 1608 1247 in
1628 1221 1672 1247 re
1695 1211 1907 1248 secundae

177 1291 208 1316 15
229 1277 502 1316 substantiae,
542 1277 737 1314 fundatur
773 1277 814 1313 in
850 1286 896 1313 re
934 1276 1107 1313 alicuius
1143 1276 1301 1321 primae
1339 1275 1600 1312 substantiae
1638 1275 1754 1311 illius.
1806 1275 1906 1311 Nam

229 1342 423 1388 quicquid
450 1342 645 1379 fundatur
672 1342 712 1378 in
740 1352 784 1378 re
812 1342 932 1378 huius
959 1341 1138 1377 nominis
1167 1341 1277 1386 quod
1305 1342 1369 1377 est
1397 1340 1532 1381 homo,
1566 1340 1762 1376 fundatur
1788 1340 1829 1376 in
1862 1349 1907 1376 re

229 1408 367 1453 aliqua
395 1407 703 1453 particularium
732 1407 944 1443 nominum
972 1406 1162 1445 hominis.
1190 1416 1240 1442 ac
1268 1406 1303 1442 si
1331 1406 1505 1442 diceret:
1543 1405 1736 1450 quicquid
1770 1408 1834 1442 est
1867 1406 1906 1442 in

230 1473 408 1510 homine.
437 1474 501 1509 est
522 1473 589 1509 vel
610 1473 650 1509 in
677 1473 757 1509 hoc
778 1473 845 1508 vel
872 1472 912 1508 in
935 1472 1014 1508 illo.
1066 1471 1113 1508 Et
1139 1472 1363 1512 attende,
1392 1471 1501 1516 quod
1523 1471 1676 1516 ubique
1698 1472 1907 1508 secundas

230 1538 486 1575 substantias
515 1548 607 1574 cum
635 1538 776 1583 primis
802 1538 943 1584 iungit,
979 1538 1069 1574 sive
1098 1537 1294 1573 ostendat
1321 1536 1654 1582 suppositionem
1682 1537 1907 1582 primarum

175 1609 210 1636 20
230 1613 306 1650 per
331 1603 687 1649 praedicationem
724 1603 815 1640 sive
852 1612 927 1648 per
958 1603 1257 1639 fundationem.
1309 1601 1429 1643 Quod
1464 1601 1558 1638 ideo
1597 1602 1762 1647 quidem
1799 1603 1907 1643 facit.

230 1671 274 1706 ut
299 1671 493 1715 patenter
519 1669 713 1705 ostendat
739 1679 823 1705 non
851 1669 955 1705 alias
982 1678 1050 1705 res
1078 1677 1173 1705 esse
1201 1678 1309 1713 quae
1337 1668 1644 1705 universalibus
1671 1668 1907 1705 nominibus

230 1735 492 1780 appellantur
524 1744 646 1780 quam
683 1744 791 1780 quae
819 1734 1108 1780 singularibus
1161 1734 1303 1777 Quare
1323 1734 1416 1770 alia
1445 1734 1606 1770 omnia.
1659 1734 1694 1770 A
1720 1735 1907 1779 partibus

232 1800 354 1836 infert
391 1800 619 1836 secundum
658 1799 874 1845 proposita
913 1799 1108 1845 exempla
1147 1799 1223 1836 sic:
1271 1798 1616 1844 Quandoquidem
1659 1799 1812 1836 animal
1857 1800 1908 1837 de

232 1865 373 1911 primis
401 1865 641 1902 substantiis
664 1865 811 1901 dicitur
837 1867 880 1901 ut
901 1865 952 1901 de
981 1864 1191 1906 subiectis,
1219 1864 1260 1901 in
1283 1874 1364 1910 quo
1385 1866 1560 1910 apparet
1581 1865 1707 1901 etiam
1729 1866 1780 1901 de
1804 1865 1909 1906 aliis,

176 1941 211 1966 25
231 1931 273 1966 et
299 1930 414 1966 color
440 1931 504 1966 est
531 1929 571 1965 in
608 1929 751 1974 primis
779 1929 1022 1965 substantiis
1051 1931 1093 1965 ut
1121 1929 1160 1965 in
1188 1929 1386 1965 subiectis
1414 1930 1456 1966 et
1480 1929 1670 1966 similiter
1696 1930 1777 1966 alia
1803 1930 1910 1967 acci-

231 1995 381 2034 dentia,
409 2005 509 2040 ergo
538 1995 677 2031 omnia
703 1995 785 2031 alia
817 2004 842 2031 a
878 1995 1020 2040 primis
1057 1995 1310 2035 substantiis,
1348 2004 1455 2040 quae
1494 1994 1653 2031 scilicet
1691 1995 1909 2041 proposita

230 2063 335 2099 sunt.
369 2062 440 2097 aut
475 2060 526 2097 de
559 2060 758 2096 subiectis
786 2062 863 2096 etc.
915 2060 1009 2096 Non
1036 2070 1148 2105 erqo.
1202 2060 1328 2097 Infert
1367 2070 1392 2097 a
1431 2070 1561 2097 causa
1600 2061 1676 2097 sic:
1718 2061 1910 2102 Quando—

231 2126 397 2172 quidem
430 2126 511 2162 alia
545 2125 715 2162 nomina
748 2126 808 2162 sic
835 2135 881 2162 se
919 2126 1075 2162 habent
1107 2126 1160 2162 ad
1201 2126 1356 2171 primas
1397 2126 1664 2167 substantias,
1704 2127 1815 2172 quod
1855 2127 1911 2163 di-

232 2193 378 2228 cuntur
405 2192 456 2228 de
484 2191 545 2228 eis
573 2193 615 2227 ut
641 2192 693 2228 de
722 2191 920 2228 subiectis
949 2192 1014 2228 vel
1042 2193 1138 2227 sunt
1164 2191 1204 2227 in
1233 2191 1295 2228 eis
1322 2193 1366 2228 ut
1392 2191 1433 2227 in
1461 2191 1669 2231 subiectis.
1698 2201 1798 2237 ergo
1827 2202 1908 2229 non

177 2267 213 2293 so
233 2259 298 2293 est
324 2257 523 2302 possibile
551 2266 620 2293 res
648 2259 884 2293 ceterorum
911 2256 1124 2293 nominum
1153 2257 1338 2294 existere
1366 2267 1450 2293 non
1479 2257 1756 2294 existentibus
1784 2258 1910 2294 rebus

233 2322 457 2368 primarum
484 2322 820 2358 substantiarum.
870 2321 919 2358 Et
945 2322 1110 2359 videtur
1137 2322 1336 2368 possibile
1358 2322 1586 2359 secundum
1615 2324 1752 2359 actum
1779 2333 1911 2360 remo-

234 2387 334 2425 veri,
361 2397 443 2423 non
466 2387 694 2423 secundum
717 2389 918 2428 naturam,
946 2397 996 2424 ac
1023 2388 1058 2424 si
1086 2387 1143 2424 ita
1171 2388 1424 2424 diceremus:
1452 2397 1676 2433 numquam
1699 2389 1911 2435 continget

234 2452 324 2488 illas
361 2462 429 2488 res
463 2452 648 2489 existere
684 2462 767 2488 non
809 2453 1086 2489 existentibus
1126 2453 1226 2489 ist1s.
1279 2453 1380 2489 Nam
1419 2453 1601 2490 fortasse
1638 2454 1912 2499 grammatica

235 2526 343 2562 quae
377 2517 417 2554 in
450 2518 528 2554 hac
560 2518 699 2554 anima
735 2519 809 2560 est,
847 2518 967 2554 alteri
1001 2518 1188 2555 similiter
1224 2519 1365 2555 inesse
1402 2521 1558 2564 posset.
1595 2519 1652 2555 ita
1691 2520 1830 2556 tamen
1868 2521 1910 2556 ut

180 2592 216 2617 ³5
236 2591 460 2631 numquam
487 2583 599 2628 prius
626 2583 691 2619 isti
719 2583 884 2620 animae
912 2584 1115 2620 infuisset.
1167 2584 1219 2620 At
1255 2594 1357 2621 vero
1390 2594 1473 2621 non
1510 2586 1575 2621 est
1609 2585 1809 2630 possibile
1844 2594 1912 2621 res

236 2646 513 2683 secundarum
541 2647 868 2684 substantiarum
895 2657 992 2684 esse
1019 2648 1087 2687 ita,
1116 2649 1225 2693 quod
1253 2659 1335 2685 non
1364 2649 1417 2685 sit
1443 2658 1512 2685 res
1545 2649 1782 2694 primarum,
1815 2649 1911 2694 quia

236 2712 394 2748 scilicet
422 2721 503 2748 non
531 2714 596 2748 est
623 2712 823 2757 possibile
851 2722 937 2749 rem
961 2723 1069 2758 quae
1097 2715 1162 2750 est
1188 2714 1323 2754 homo,
1346 2714 1528 2751 existere
1550 2714 1617 2753 ita.
1646 2714 1755 2759 quod
1778 2714 1912 2750 nullus

236 2778 407 2814 istorum
437 2777 600 2816 existat.
628 2778 780 2823 quippe
808 2788 876 2814 res
909 2779 1028 2815 huius
1057 2779 1235 2815 nominis
1263 2779 1386 2816 homo
1415 2780 1588 2816 eaedem
1624 2779 1788 2825 penitus
1815 2782 1911 2816 sunt

237 2852 328 2879 cum
351 2843 475 2878 rebus
497 2842 804 2887 particularium
834 2843 1056 2879 nominum.
1110 2844 1151 2880 Si
1178 2844 1270 2889 quis
1300 2844 1438 2889 itaque
1467 2845 1593 2880 dicat:
1621 2844 1822 2889 possibile
1847 2847 1911 2881 est

183 2917 217 2942 ⁴0
237 2907 446 2944 bominem
475 2917 572 2943 esse
601 2907 668 2947 ita.
695 2908 805 2952 quod
833 2918 915 2944 non
943 2909 996 2944 sit
1021 2909 1170 2954 aliquis
1198 2909 1369 2945 istorum
1399 2909 1466 2954 qui
1500 2909 1623 2945 modo
1652 2911 1758 2948 sunt,
1786 2911 1910 2955 atque

237 2972 529 3009 affirmativam
571 2973 782 3017 intelligat.
822 2973 969 3009 falsum
1011 2976 1086 3010 est.
1150 2973 1193 3011 Si
1232 2984 1332 3010 vero
1380 2975 1618 3021 negativam
1662 2975 1911 3021 intelligeret

237 3046 514 3083 consequens.
543 3046 592 3073 ac
620 3037 654 3073 si
682 3037 737 3073 ita
765 3037 940 3074 diceret:
968 3048 1050 3075 non
1080 3039 1157 3075 lioc
1184 3039 1294 3084 quod
1323 3039 1445 3076 bomo
1474 3039 1625 3077 existit.
1654 3040 1783 3087 exigit
1802 3040 1911 3077 hunc

380 3167 400 3198 6
428 3166 546 3199 diviso
572 3165 602 3199 A
701 3167 743 3199 35
771 3167 840 3199 iste
867 3166 895 3200 A
996 3168 1039 3200 39
1067 3166 1163 3209 cum]
1191 3168 1225 3200 in
1253 3168 1293 3200 A.
