2200 3387
338 262 406 299 258
752 267 859 301 Peter
884 268 1088 302 Abaelards
1115 269 1252 312 Logica
1278 270 1604 313 ,Ingredientibus‘.

479 357 693 394 Attende
720 360 857 395 autem
887 359 1163 397 differentiam
1190 361 1299 397 inter
1324 361 1403 398 Ubi
1430 363 1471 398 et
1504 362 1644 404 Situm,
1672 372 1763 399 cum
1789 364 2007 409 utrumque

339 424 534 458 nascatur
561 431 615 458 ex
641 423 744 459 loco.
797 423 875 460 Ubi
908 425 1016 461 enim
1054 426 1344 462 consideratur
1380 427 1630 472 simpliciter,
1668 428 1894 464 secundum
1930 428 2009 464 hoc

338 488 447 532 quod
474 497 542 524 res
571 490 635 524 est
662 488 701 524 in
729 489 833 530 loco,
862 489 972 526 Situs
1000 500 1100 527 vero
1130 492 1359 527 secundum
1381 492 1546 528 modum
1568 492 1823 529 subsistendi
1843 492 1884 529 in
1905 493 2008 535 1000,

338 555 380 588 ut
408 556 581 598 supra¹
611 553 801 590 diximus.

479 617 601 653 Nota
638 618 761 654 etiam
795 619 904 663 quod
938 619 993 655 ait
1031 619 1273 656 Boethius
1313 620 1354 655 in
1381 619 1708 662 Comment02‚
1741 620 1819 657 Ubi
1852 620 2045 657 scilicet5

338 681 566 717 secundum
594 682 727 727 ipsum
755 682 889 718 locum
917 683 957 718 in
985 692 1066 728 quo
1093 692 1161 719 res
1190 686 1265 724 est,
1293 683 1448 719 habere
1482 684 1642 729 aliquas
1677 684 2007 721 contrarietates.

339 745 521 785 ‚Sursum
543 747 663 785 enim,
690 747 831 791 inquit,
860 749 901 783 et
922 748 1114 784 deorsum
1136 747 1214 784 Ubi
1235 757 1329 784 esse
1352 748 1521 788 dicitur‘,
1544 748 1618 784 sed
1640 748 1760 784 sicuti
1781 749 2008 785 secundum

339 811 577 856 opinionem
614 812 705 848 loca
740 813 949 848 contraria
983 813 1184 854 dicuntur,
1223 813 1280 849 ita
1314 813 1437 849 etiam
1472 823 1524 849 ea
1557 823 1663 858 quae
1692 813 1770 849 Ubi
1808 813 2007 855 dicuntur,

339 877 548 913 contraria
576 878 803 913 secundum
832 877 1069 922 opinionem
1098 878 1290 923 appellat.

481 942 652 977 Videtur
679 944 818 977 autem
847 942 1044 987 ,qualiter
1075 944 1115 978 et
1143 943 1356 988 ,quotiens‘
1394 943 1446 979 ad
1474 943 1823 989 significationem
1849 943 2009 988 praedi·
2031 954 2064 979 10

338 1006 518 1042 camenti
544 1006 782 1051 detorqueri
810 1016 948 1051 posse.
978 1007 1084 1043 sicut
1110 1007 1178 1043 ubi
1206 1009 1272 1043 vel
1300 1008 1478 1053 quando,
1515 1009 1559 1044 ut
1593 1008 1699 1044 sicut
1735 1017 1788 1044 ex
1823 1008 1915 1044 loco
1942 1008 2009 1044 vel

339 1081 391 1107 ex
420 1074 617 1116 tempore,
652 1080 758 1116 quae
797 1081 821 1107 a
854 1072 1109 1117 proprietate
1136 1072 1376 1114 innascitur,
1412 1073 1470 1108 ita
1497 1073 1619 1109 etiam
1650 1082 1703 1109 ex
1729 1082 1913 1115 numero,
1941 1072 2010 1118 qui

338 1147 412 1182 per
440 1136 654 1182 ‚quotiens‘
684 1136 1001 1182 significaretur,
1038 1147 1113 1182 pro
1149 1138 1371 1183 speciebus
1399 1139 1514 1174 cuius
1551 1140 1729 1183 ponetur
1762 1140 1836 1180 ter,
1864 1139 2010 1184 quater

339 1204 379 1237 et
406 1201 566 1241 similia,
594 1210 668 1246 pro
697 1201 920 1246 speciebus
947 1210 1048 1237 vero
1077 1202 1295 1246 ,qualiter‘z
1324 1202 1430 1238 bene
1459 1204 1500 1238 et
1525 1202 1634 1238 male
1657 1204 1698 1238 et
1718 1202 1876 1239 similia.
1928 1202 2009 1239 Sed

337 1266 524 1312 profecto
553 1266 605 1302 de
632 1267 740 1302 bene
769 1268 809 1302 et
836 1267 944 1302 male
973 1266 1074 1302 satis
1107 1266 1246 1311 liquet,
1275 1267 1372 1311 quia
1408 1276 1491 1302 non
1527 1267 1605 1303 nisi
1635 1267 1856 1312 qualitates
1884 1267 2010 1304 conti-
2032 1271 2063 1296 ¹⁵

339 1334 439 1368 nent
467 1332 639 1368 easdem
667 1341 770 1377 quas
799 1334 840 1367 et
867 1331 1037 1367 nomina
1062 1332 1215 1367 bonum
1244 1333 1285 1368 et
1317 1332 1479 1368 malum.
1533 1331 1614 1368 Sed
1643 1335 1807 1377 ,saepe‘‚
1840 1341 1932 1368 cum
1957 1332 2011 1368 ad

337 1406 554 1433 numerum
581 1397 787 1442 pertineat
815 1399 855 1433 et
883 1398 1156 1442 comparetur.
1184 1406 1380 1433 numerus
1409 1398 1559 1438 autem,
1592 1406 1684 1433 cum
1712 1397 1764 1433 sit
1790 1397 2010 1442 quantitas,

339 1462 573 1507 comparari
600 1472 682 1498 non
710 1462 855 1507 possit,
883 1462 1048 1498 videtur
1075 1471 1127 1498 ex
1156 1472 1328 1498 numero
1357 1462 1563 1507 quaedam
1586 1462 1749 1498 innasci
1777 1461 2010 1507 proprietas

341 1537 447 1573 quae
476 1527 829 1573 comparationem
852 1527 1044 1572 patiatur,
1063 1527 1142 1563 nisi
1162 1527 1269 1563 forte
1290 1532 1440 1572 ‚saepe‘
1462 1527 1515 1563 ad
1535 1527 1835 1563 multitudinem
1855 1528 2011 1572 tempo-

338 1602 427 1628 rum
463 1592 686 1628 reducatur
723 1594 764 1627 et
800 1601 873 1637 pro
903 1591 1081 1636 quadam
1118 1591 1260 1636 specie
1295 1590 1469 1631 Quando
1508 1593 1696 1636 ponatur.
1749 1590 1832 1627 Soli
1869 1591 2008 1636 itaque
2029 1600 2064 1626 20

338 1657 575 1694 auctoritati
611 1657 924 1693 concedendum
962 1658 1026 1692 est
1063 1656 1112 1692 de
1154 1666 1327 1692 numero
1364 1656 1809 1701 praedicamentorum,
1836 1665 2009 1701 quorum

337 1723 469 1768 potuit
496 1732 634 1758 rerum
662 1724 831 1758 naturas
861 1722 1128 1767 distinguere,
1156 1731 1260 1767 quas
1287 1731 1366 1757 nec
1393 1721 1577 1767 cogitare
1605 1721 1831 1757 valeamus.

479 1787 673 1823 Habere
703 1796 867 1832 quoque
901 1787 992 1822 loco
1021 1786 1199 1822 nominis
1225 1786 1402 1831 ponitur,
1436 1795 1485 1822 ac
1512 1785 1547 1821 si
1574 1786 1782 1822 diceretur
1809 1785 2008 1827 ,habitus‘.

338 1852 462 1889 Cuius
491 1852 654 1888 habitus
689 1854 791 1888 tres
826 1853 921 1888 sunt
955 1851 1296 1897 significationes.
1348 1851 1419 1887 Est
1458 1850 1568 1887 enim
1606 1851 1770 1886 habitus
1809 1850 1878 1896 qui
1916 1860 2008 1887 cum

338 1918 608 1963 dispositione
637 1918 712 1953 sub
740 1917 871 1964 prima
899 1917 1038 1962 specie
1067 1916 1276 1962 qualitatis
1303 1917 1480 1962 ponitur,
1509 1917 1573 1952 est
1599 1916 1724 1952 etiam
1744 1915 1910 1952 habitus
1930 1915 2009 1961 pri·
2027 1923 2063 1949 25

337 1982 528 2019 vationis.
578 1982 802 2018 Praeterea
828 1982 992 2017 habitus
1025 1982 1104 2017 hoc
1136 1982 1228 2017 loco
1266 1981 1458 2017 dicuntur
1484 1981 1689 2026 quaedam
1717 1980 2007 2026 proprietates,

338 2058 445 2093 quae
482 2050 589 2083 teste
617 2047 859 2083 Boethio3
891 2047 1063 2083 veniunt
1104 2056 1157 2083 ex
1196 2047 1320 2083 rebus
1354 2046 1613 2087 extrinsecis,
1654 2054 1760 2090 quae
1792 2045 2008 2087 habentur,

338 2117 381 2149 ut
408 2123 461 2149 ex
487 2112 625 2151 armis,
654 2122 761 2157 quae
788 2112 935 2153 habeo,
964 2112 1167 2157 quaedam
1196 2111 1293 2147 mihi
1319 2111 1429 2147 inest
1449 2111 1695 2156 proprietas,
1716 2119 1824 2155 quae
1844 2110 2008 2146 Habere

338 2180 511 2214 vocatur
538 2177 627 2213 sive
655 2179 858 2213 armatum
885 2186 990 2212 esse.
1042 2176 1129 2212 Hoc
1163 2176 1270 2212 enim
1304 2177 1396 2212 loco
1430 2177 1633 2212 armatum
1667 2184 1761 2211 esse
1797 2184 1880 2211 non
1918 2184 2009 2220 pas-

339 2244 499 2279 sionem
528 2242 730 2287 designat,
764 2251 788 2278 a
827 2251 908 2287 qua
941 2243 1149 2286 sumptum
1183 2243 1246 2277 est
1285 2250 1445 2282 ,armon
1484 2239 1684 2281 armaris‘,
1724 2240 1797 2276 sed
1824 2239 2008 2285 proprie·
2027 2249 2063 2276 30

338 2311 465 2344 tatem
494 2307 701 2352 quandam
730 2316 837 2352 quae
865 2306 1030 2343 Habere
1059 2306 1206 2342 dicitur
1232 2307 1327 2351 post
1354 2305 1595 2351 passionem
1621 2305 1764 2341 innata
1783 2306 1825 2341 et
1849 2313 2010 2350 perma-

339 2383 454 2409 nens.
482 2382 565 2408 non
592 2372 842 2413 transitoria,
871 2372 977 2407 sicut
1004 2373 1065 2407 est
1092 2371 1245 2416 passio.

480 2436 528 2472 Et
554 2436 779 2475 attende,
808 2436 917 2481 quod
946 2445 1037 2472 cum
1065 2435 1122 2471 ait
1147 2435 1390 2471 Boethius
1417 2434 1581 2470 Habere
1609 2443 1663 2470 ex
1695 2434 1820 2470 rebus
1857 2433 2010 2470 extrin-

339 2502 448 2538 secis
469 2501 624 2542 venire,
653 2511 735 2537 non
765 2511 817 2537 ex
845 2501 908 2537 his
930 2510 1037 2546 quae
1065 2500 1105 2536 in
1126 2500 1217 2545 ipsa
1236 2502 1331 2536 sunt
1351 2499 1586 2536 substantia
1606 2501 1815 2544 tamquam
1834 2497 2010 2534 materia

339 2567 427 2603 eius
455 2567 520 2602 vel
547 2566 718 2604 formae,
752 2567 804 2602 ab
832 2566 1143 2602 inconvenienti
1170 2565 1386 2601 infinitatis
1418 2565 1537 2601 nobis
1566 2565 1698 2600 cavet.
1750 2563 1792 2600 Si
1818 2563 1927 2599 enim
1954 2571 2007 2598 ex
2027 2573 2062 2597 35

338 2632 471 2668 forma
487 2641 594 2676 quae
616 2632 802 2671 habetur,
830 2631 935 2667 sicut
955 2640 1008 2666 ex
1030 2630 1225 2666 albedine
1248 2630 1538 2666 innasceretur
1557 2628 1733 2669 Habere,
1761 2637 1853 2664 cum
1873 2627 2007 2673 ipsum

339 2705 503 2742 quoque
532 2696 687 2732 habere
714 2695 846 2731 forma
874 2695 936 2735 sit,
963 2694 1151 2740 profecto
1180 2704 1233 2731 ex
1255 2703 1506 2739 unoquoque
1528 2693 1692 2729 Habere
1713 2692 1823 2729 aliud
1842 2692 2007 2728 Habere

338 2770 470 2806 usque
497 2761 538 2797 in
566 2760 768 2796 infinitum
797 2762 1051 2796 nasceretur.
1103 2758 1200 2795 Cum
1232 2759 1370 2804 itaque
1406 2758 1497 2794 dico
1530 2767 1596 2794 me
1632 2758 1787 2794 habere
1821 2756 2007 2799 formam,

339 2827 391 2863 ad
419 2826 529 2872 quod
556 2828 663 2862 teste
691 2825 903 2861 Boethio
931 2824 1247 2860 Aristoteles
1275 2823 1525 2869 aequivocat
1557 2831 1708 2858 nomen
1741 2821 1917 2863 Habere,
1952 2820 2008 2857 nil

339 2891 448 2928 aliud
475 2890 709 2936 praedicari
735 2890 814 2926 nisi
840 2889 1014 2926 formam
1050 2889 1231 2930 intendo,
1268 2898 1317 2925 ac
1354 2888 1390 2924 si
1425 2888 1606 2924 dicerem
1641 2886 1861 2923 formatum
1897 2895 2005 2922 esse.
2025 2895 2061 2921 40

482 2995 587 3027 15-16
615 2995 777 3026 continet
797 2994 826 3026 A
928 2994 1032 3026 16-17
1062 2993 1107 3025 ad
1133 2990 1339 3031 numerum]
1367 2993 1413 3024 ad
1441 2992 1523 3024 dum
1544 2991 1573 3023 A
1652 2991 1692 3023 17
1721 2992 1957 3030 comparatur
1974 2989 2003 3022 A

340 3054 383 3086 30
410 3061 512 3085 amor
538 3053 673 3084 amaris
701 3052 728 3084 A
868 3052 911 3084 35
938 3052 1159 3084 infirmitatis
1186 3051 1214 3083 A
1290 3049 1410 3089 cavet]
1438 3050 1546 3082 canet
1571 3049 1601 3082 A
1725 3048 1768 3081 37
1791 3049 1882 3088 post
1908 3047 2005 3080 aliud

340 3112 483 3144 lacuna
509 3112 549 3144 in
578 3112 621 3149 Α,
648 3110 713 3143 sed
739 3110 836 3143 nihil
862 3111 1042 3143 excidisse
1068 3110 1227 3143 videtur.

481 3181 492 3203 ¹
515 3181 566 3215 Cr.
582 3189 706 3223 supra
720 3190 753 3222 p.
768 3181 834 3214 255
844 3179 884 3213 32.
983 3179 997 3202 2
1017 3180 1166 3213 Boeth.
1183 3180 1204 3213 l.
1221 3189 1260 3218 0.,
1273 3189 1308 3221 p.
1322 3179 1388 3212 263
1401 3179 1442 3212 A.
1541 3177 1556 3200 3
1574 3177 1724 3211 Boeth.
1741 3177 1762 3210 l.
1778 3185 1818 3216 c„
1834 3185 1869 3218 p.
1883 3176 1949 3210 264
1960 3175 2004 3212 Α.
