2200 3387
161 516 293 550 Boetli.

136 574 170 605 11.
186 563 292 595 2181*

321 248 365 282 92
724 251 829 282 Peter
855 250 1058 283 Abaelards
1086 251 1219 291 Logica
1248 250 1572 291 ,Ingredientibus‘.

724 419 1067 471 Tractatus
1109 419 1190 470 de
1231 418 1592 471 accidente.

462 535 660 570 ,irridens
681 537 747 569 est.
777 535 980 571 Accidens
1003 535 1199 570 describit
1220 535 1297 570 1109
1319 535 1408 570 1090
1432 535 1471 570 111
1492 535 1780 579 designatione
1803 534 1983 570 omnium

323 599 636 635 accidentalium
675 599 899 635 formarum
935 601 1017 635 tam
1056 599 1298 635 risibilitatis
1331 609 1452 644 quam
1492 599 1663 634 aliarum
1697 608 1983 643 quaecumque

324 664 584 699 differentiae
619 674 699 699 non
735 665 839 699 sunt.
892 664 975 699 Nec
1010 665 1088 699 1109
1125 664 1216 699 1090
1256 664 1465 708 proprium
1505 664 1581 699 sub
1621 663 1826 699 accidenti
1864 663 1983 701 cadit.

324 729 474 773 quippe
502 728 695 764 accidens
731 729 808 763 1109
842 738 991 764 nomen
1026 731 1089 764 est
1116 738 1262 766 rerum.
1299 728 1494 764 accidens
1540 737 1640 764 vero
1669 728 1778 772 quod
1805 728 1857 763 ad
1891 737 1981 772 spe-

323 793 425 829 ciem
455 793 718 829 convertitur.
747 793 824 828 nisi
852 794 1097 828 vocabulum
1126 803 1221 829 esse
1250 803 1331 828 non
1360 795 1505 838 potest.
1553 793 1594 829 Si
1621 794 1759 828 autem
1786 793 1981 828 accidens

323 867 450 893 voces
479 867 642 902 quoque
677 857 799 901 ipsas,
838 857 875 892 in
906 859 1101 901 quantum
1130 858 1382 902 quantitates
1420 860 1524 894 sunt.
1563 858 1722 893 dicatur
1758 857 1982 896 continere.

324 932 404 957 non
433 922 511 957 iam
541 932 667 958 voces
696 922 800 957 sicut
827 931 966 960 voces,
995 922 1069 957 sed
1097 923 1202 958 sicut
1229 932 1296 958 res
1325 923 1562 967 accipimus.

465 987 530 1022 Sic
558 988 694 1022 autem
724 987 1006 1022 definitionem
1041 994 1223 1032 expone:
1261 987 1476 1023 Accidens.
1514 988 1591 1023 1109
1619 988 1682 1023 981
1715 987 1983 1023 accidentalis

322 1052 465 1089 forma.
503 1054 566 1086 est
594 1061 645 1087 ea
670 1051 803 1086 forma
831 1061 937 1095 quae
965 1052 1179 1087 subiectac
1209 1052 1408 1087 materiae
1436 1054 1574 1096 potest
1601 1054 1642 1087 et
1668 1053 1820 1087 adesse
1849 1053 1889 1087 et
1916 1052 1983 1087 ab-

324 1125 417 1151 esse
445 1122 612 1159 praeter
639 1115 947 1159 corruptionem
984 1115 1124 1159 ipsius.
1163 1116 1240 1151 1109
1268 1117 1331 1151 981
1365 1116 1431 1152 ita.
1466 1118 1508 1151 ut
1545 1126 1595 1151 ea
1631 1115 1882 1152 adveniente
1916 1115 1984 1151 vel

323 1180 544 1215 recedente
572 1189 654 1214 non
683 1188 859 1214 11999889
887 1179 938 1214 811
965 1181 1134 1223 propter
1160 1189 1252 1215 cam
1281 1180 1510 1216 subiectam
1535 1181 1751 1216 materiam
1773 1180 1813 1215 in
1836 1181 1984 1215 natura

324 1243 581 1279 substantiae
610 1253 712 1279 suae
740 1243 956 1287 corrumpi.
984 1244 1062 1278 hoc
1089 1245 1200 1284 <981>
1227 1244 1466 1289 generalem
1488 1245 1554 1280 vel
1582 1245 1807 1289 specialem
1834 1245 1982 1280 statum

323 1308 474 1353 egredi.
527 1308 644 1347 Quod
673 1308 836 1352 quidem
864 1308 1204 1343 substantialibus
1232 1308 1374 1344 formis
1402 1318 1483 1344 non
1512 1309 1718 1344 convenit.
1770 1309 1872 1344 Nam
1899 1309 1983 1344 ani-

323 1373 448 1408 matio
465 1373 693 1408 adveniens
710 1374 750 1408 et
771 1373 1085 1417 generationem
1107 1373 1277 1408 animati
1293 1373 1479 1418 corporis
1500 1373 1597 1409 facit
1613 1375 1654 1409 et
1675 1373 1979 1418 corruptionem

323 1438 536 1473 inanimati
565 1440 605 1473 et
632 1438 778 1473 eadem
806 1438 1010 1473 recedens
1039 1438 1312 1473 substantiam
1341 1438 1510 1474 animati
1537 1438 1710 1483 perimit.

464 1502 516 1538 Et
543 1503 747 1538 attende
781 1502 1008 1547 potentiam
1045 1502 1196 1538 adesse
1234 1504 1274 1538 et
1310 1503 1463 1539 abesse
1491 1503 1627 1547 potius
1665 1503 1716 1539 ad
1754 1503 1982 1538 subiectum

323 1566 583 1601 referendam
613 1575 708 1601 esse
737 1575 859 1609 quam
887 1566 937 1601 ad
976 1565 1183 1605 accidens,
1217 1567 1260 1600 ut
1292 1565 1449 1602 scilicet
1485 1566 1715 1601 subiectum
1753 1575 1842 1601 cum
1880 1566 1984 1602 acci-

324 1631 435 1666 denti
472 1632 511 1666 et
548 1630 637 1666 sine
675 1630 878 1666 accidenti
918 1639 1011 1665 esse
1047 1630 1181 1675 possit
1216 1630 1508 1675 incorruptum,
1540 1618 1627 1666 ⁴non
1665 1631 1858 1666 accidens
1895 1630 1983 1666 sine

324 1694 520 1729 subiecto.
577 1733 581 1739 .

464 1758 589 1793 Nota
617 1758 752 1795 etiam.
781 1758 889 1802 quod
917 1762 1055 1799 <cum>
1084 1759 1157 1794 ait:
1186 1759 1335 1794 abesse
1365 1761 1406 1794 et
1432 1759 1584 1794 adesse
1612 1761 1780 1803 praeter
1806 1759 1981 1795 subiecti

323 1823 639 1867 corruptionem.
667 1823 744 1858 hoc
771 1823 1110 1859 substantialibus
1133 1833 1297 1868 quoque
1324 1824 1467 1859 formis
1495 1824 1728 1859 conveniat.
1781 1824 1847 1860 Sic
1874 1823 1982 1859 enim

323 1887 582 1923 rationalitas
610 1888 727 1923 adest
754 1887 846 1923 huic
874 1888 1038 1924 homini.
1075 1890 1117 1923 ut
1144 1898 1226 1923 non
1254 1890 1550 1933 corrumpatur,
1588 1890 1629 1924 et
1661 1889 1721 1924 sic
1748 1890 1892 1933 posset
1917 1888 1982 1924 hic

323 1953 444 1987 homo
473 1953 562 1988 sine
590 1962 641 1988 ea
668 1962 775 1989 esse.
804 1954 845 1988 ut
872 1951 966 1988 ideo
994 1962 1075 1988 non
1110 1955 1453 1997 corrumperetur.
1505 1953 1649 1989 Posset
1685 1953 1792 1989 enim
1829 1953 1990 1989 contin-·

323 2027 434 2061 gere.
461 2020 504 2052 ut
530 2018 634 2053 haec
663 2017 1092 2052 811118131111311011111118
1123 2027 1343 2062 numquam
1377 2018 1591 2053 rationalis
1621 2018 1776 2056 11118891,
1804 2018 1982 2062 ideoque
2023 2030 2031 2034 >

324 2091 544 2126 numquam
579 2083 913 2125 corrumperetur
945 2083 1113 2126 propter
1146 2082 1479 2120 rationalitatem.
1507 2092 1598 2118 cum
1626 2092 1719 2118 eam
1758 2092 1980 2127 numquam

324 2147 548 2183 habuisset.
601 2147 746 2181 Posset
767 2146 888 2181 etiam
918 2146 1109 2182 fortassis
1131 2146 1383 2191 contingere,
1412 2147 1533 2182 111819
1560 2147 1640 2182 ista
1667 2148 1839 2185 careret.
1871 2147 1980 2192 quod

324 2212 445 2248 aliam
474 2221 559 2247 rem
589 2211 802 2247 habuisset
829 2213 870 2247 et
896 2221 1106 2256 nunquam
1134 2212 1253 2247 istam
1288 2214 1329 2247 et
1362 2212 1455 2247 ideo
1494 2222 1715 2256 numquam
1751 2222 1825 2257 per
1861 2212 1982 2248 istam

324 2278 667 2321 corrumperetur.
719 2276 835 2312 Unde
864 2276 1024 2312 divisim
1052 2286 1133 2312 non
1161 2278 1223 2312 est
1255 2277 1540 2321 accipiendum
1569 2277 1721 2312 adesse
1749 2278 1790 2312 et
1817 2278 1981 2317 abesse.

324 2342 396 2377 sed
425 2341 671 2377 coniunctim
699 2341 756 2376 ita
782 2341 950 2378 89111991,
979 2342 1088 2386 quod
1114 2341 1246 2385 ipsum
1269 2342 1498 2377 subiectum
1519 2342 1649 2386 possit
1667 2341 1841 2377 formam
1861 2342 1981 2377 istam

323 2409 364 2442 et
390 2407 546 2442 habere
580 2408 620 2441 et
654 2416 732 2441 non
772 2406 939 2443 habere,
979 2406 1019 2441 id
1055 2408 1119 2441 est
1155 2406 1380 2442 secundum
1422 2416 1513 2442 eam
1553 2407 1777 2451 permutari
1815 2407 1984 2451 praeter

323 2472 640 2516 corruptionem.
675 2472 716 2506 ut
743 2471 935 2506 videlicet
968 2480 1060 2507 cum
1093 2471 1205 2515 prius
1239 2472 1390 2507 habeat
1425 2481 1474 2507 ac
1510 2473 1656 2516 postea
1692 2471 1861 2510 amittat.
1898 2481 1979 2507 non

325 2538 376 2573 sit
402 2536 727 2572 substantialiter
754 2538 1001 2580 corruptum.

464 2601 547 2637 Nec
574 2601 651 2636 hoc
678 2601 768 2636 loco
797 2601 1023 2636 subiectum
1052 2611 1125 2645 pro
1153 2603 1481 2636 sustentamento
1507 2602 1663 2636 tantum
1687 2602 1750 2636 est
1777 2600 1980 2644 accipien-

325 2667 430 2706 dum,
459 2666 531 2702 sed
560 2675 633 2710 pro
662 2665 770 2700 omni
799 2665 906 2709 quod
934 2665 1151 2701 actualiter
1177 2666 1307 2701 altero
1341 2665 1594 2701 informatur.
1627 2667 1670 2700 ut
1697 2674 1846 2709 corpus
1872 2665 1981 2700 albe-

325 2731 430 2767 dine.
464 2730 612 2766 albedo
640 2730 838 2765 claritate.
890 2729 972 2764 Nec
1009 2730 1204 2765 accidens
1243 2730 1321 2765 hoc
1360 2730 1450 2765 loco
1490 2731 1682 2774 respectu
1723 2729 1980 2765 substantiae

325 2798 492 2835 tantum,
521 2804 626 2839 quae
654 2795 742 2830 sola
764 2796 883 2835 (est).
912 2794 1168 2831 describitur.
1196 2804 1338 2830 verum
1372 2794 1590 2830 cuiuslibet
1617 2794 1828 2830 subiectae
1855 2795 1980 2830 mate-

324 2860 422 2895 riae.
457 2869 578 2904 quam
619 2859 946 2896 accidentaliter.
992 2869 1075 2894 non
1121 2859 1447 2894 substantialiter
1486 2858 1689 2897 informat.
1735 2860 1777 2894 ut
1815 2858 1981 2894 claritas

325 2934 489 2969 quoque
518 2924 762 2960 albedinem.
813 2923 861 2958 Et
887 2924 1067 2959 fortasse
1094 2924 1173 2959 hoc
1200 2924 1291 2959 loco
1319 2924 1375 2959 ita
1402 2924 1542 2959 stricte
1570 2924 1763 2959 accidens
1797 2922 1979 2963 sumitur,

2005 1057 2038 1082 10

2004 1378 2036 1403 15

2003 1701 2037 1725 20

2002 2354 2037 2380 30

2002 2676 2036 2702 35

325 2991 367 3024 ut
394 2999 475 3024 non
504 2998 649 3024 omnes
686 2988 867 3024 includat
902 2988 1068 3025 formas.
1097 2998 1203 3032 quae
1242 2988 1464 3033 specificae
1497 2998 1579 3024 non
1614 2989 1719 3028 sunt,
1755 2987 1859 3023 sicut
1893 2987 1980 3023 risi·
2000 2991 2033 3016 40

468 3115 510 3146 35
538 3124 602 3155 pro
630 3113 740 3153 omni]
768 3124 802 3154 (p
831 3110 891 3154 p61
921 3115 949 3145 A
1073 3115 1115 3146 37
1144 3116 1199 3146 est
1226 3115 1371 3155 scripsi,
1399 3115 1540 3146 lacuna
1568 3115 1606 3146 ἱη
1631 3113 1673 3146 Α.
