2200 3387
287 197 332 231 :30
690 199 795 231 Peter
823 199 1025 231 Abaelards
1053 200 1186 240 Logica
1216 200 1539 241 ,ingredientibus‘.

289 296 539 331 universalia
587 296 751 331 nomina
799 297 908 332 nullo
954 297 1075 332 modo
1121 298 1310 332 volumus
1356 306 1462 337 9889,
1508 307 1598 333 011111
1645 298 1768 334 rebus
1806 307 1949 334 eorum

289 360 513 404 peremptis
555 360 632 395 iam
679 361 728 396 de
765 361 946 405 pluribus
987 361 1282 406 praedicabilia
1317 372 1397 397 11011
1427 362 1518 400 81111,
1564 363 1715 407 quippe
1748 372 1826 398 nec
1858 363 1950 398 ullis

290 426 412 460 rebus
436 425 679 460 communia.
702 428 743 460 ut
766 435 885 461 rosae
909 436 1058 462 nomen
1084 430 1210 467 (non)
1235 427 1313 462 iam
1336 427 1674 471 permanentibus
1697 427 1813 467 rosis,
1842 427 1950 472 quod

289 494 426 524 tamen
458 492 552 525 tunc
581 500 744 534 quoque
774 500 824 525 ex
854 490 1061 526 intellectu
1091 491 1411 535 significativum
1439 493 1511 531 est,
1540 492 1634 527 licet
1668 491 1950 528 nominatione

288 557 440 590 eareat,
469 554 649 598 alioquin
679 555 906 599 propositio
935 565 1015 591 non
1046 558 1179 591 esset:
1208 556 1317 591 nulla
1345 565 1442 592 rosa
1469 558 1542 592 est.
1971 569 1987 594 5

430 618 542 653 Bene
574 620 711 654 autem
741 619 790 654 (19
816 619 1120 654 universalibus
1143 629 1223 655 non
1253 620 1303 655 de
1328 619 1605 664 singularibus
1630 619 1801 655 vocibus
1829 629 1952 664 quae-

289 683 446 718 stiones
475 682 640 718 fiebant.
670 683 764 728 quia
793 693 873 719 non
905 684 958 719 ita
987 684 1036 719 de
1054 684 1359 729 significatione
1382 684 1652 729 singularium
1676 684 1950 720 dubitabatur.

289 748 448 792 Quippe
471 748 615 783 modus
647 758 788 783 eorum
812 748 1073 793 significandi
1100 749 1208 784 bene
1237 744 1476 800 cqu
1493 759 1629 785 rerum
1658 749 1950 786 concordabat.

289 811 404 851 Quae
427 811 531 847 sicut
553 811 758 847 discretae
780 812 820 847 in
844 822 888 847 se
912 815 1016 849 sunt.
1038 813 1093 848 ita
1116 812 1294 848 discrete
1318 814 1368 848 ab
1391 814 1451 849 eis
1468 813 1755 858 significantur
1777 814 1817 849 et
1838 813 1952 849 intel-

288 876 418 911 lectus
442 885 582 911 eorum
609 885 692 910 rem
716 878 869 911 certam
889 878 1011 912 tenet.
1036 877 1144 920 quod
1160 876 1415 912 universalia
1430 886 1511 912 non
1528 877 1693 913 habent.
1730 877 1952 913 Praeterea
1973 885 2006 910 10

290 940 553 976 universalia.
586 950 674 976 011111
713 950 778 976 res
814 943 855 975 ut
890 941 1094 976 discretas
1126 951 1207 977 non
1231 942 1526 987 significarent,
1554 951 1632 978 nec
1651 941 1952 978 convenientes

289 1005 535 1040 videbantur
562 1005 809 1049 significare.
839 1015 928 1041 cum
953 1006 1062 1041 nulla
1090 1006 1141 1041 sit
1170 1015 1248 1043 res.
1276 1007 1417 1051 inqua
1437 1007 1702 1043 conveniunt.
1733 1008 1776 1042 ut
1802 1009 1950 1052 supra¹

289 1077 453 1112 quoque
470 1068 695 1103 docuimus.
731 1068 836 1108 Quia
858 1069 998 1113 itaque
1015 1072 1128 1105 tanta
1145 1072 1234 1105 erat
1249 1070 1299 1105 (19
1316 1070 1621 1106 universalibus
1636 1070 1847 1111 dubitatio,
1863 1071 1953 1108 sola

289 1133 412 1177 elegit
432 1132 738 1177 Porphyrius
761 1134 1012 1169 universalia
1034 1135 1086 1170 ad
1108 1135 1381 1174 tractandum,
1402 1135 1630 1180 singularia
1650 1136 1701 1171 ab
1723 1135 1952 1172 intentione

289 1198 528 1234 excludens.
566 1198 683 1243 quasi
724 1208 798 1243 per
835 1208 880 1234 89
921 1199 1022 1234 83118
1059 1199 1290 1240 manifesta,
1330 1200 1425 1236 licet
1463 1210 1515 1236 93
1548 1202 1686 1236 13111911
1724 1200 1954 1236 incidenter
1975 1209 2007 1233 15

290 1265 457 1307 propter
483 1263 564 1298 alia
595 1263 844 1307 quandoque
872 1265 1030 1299 tractet.

429 1327 712 1363 Notandum
756 1337 868 1364 vero.
909 1328 1017 1373 quod
1055 1328 1150 1364 licet
1190 1329 1301 1365 solas
1330 1338 1457 1365 voces
1492 1329 1678 1365 definitio
1706 1329 1952 1365 universalis

289 1392 353 1428 vel
395 1392 563 1437 generis
603 1393 668 1428 vel
708 1393 864 1437 speciei
898 1393 1090 1431 includat.
1131 1402 1258 1438 saepe
1287 1396 1425 1430 tamen
1453 1394 1559 1430 haec
1586 1393 1755 1430 nomina
1782 1394 1834 1429 ad
1860 1403 1953 1430 res

288 1466 431 1492 eorum
459 1457 774 1495 transferuntur,
802 1458 930 1493 veluti
956 1468 1047 1494 cum
1076 1459 1223 1494 (licitur
1250 1459 1413 1504 species
1442 1461 1636 1495 constare
1659 1468 1711 1495 ex
1732 1468 1888 1504 genere
1913 1459 1954 1494 et

289 1522 534 1559 differentia.
562 1523 639 1558 1100
662 1525 725 1558 981
746 1532 813 1558 res
836 1523 991 1567 speciei
1019 1533 1070 1559 ex
1099 1533 1143 1559 re
1171 1525 1349 1569 generis.
1401 1524 1479 1560 Ubi
1506 1525 1614 1561 enim
1636 1533 1784 1560 vocum
1805 1526 1954 1560 natura
1972 1530 2008 1557 20

289 1587 515 1622 secundum
561 1587 908 1632 significationem
955 1588 1147 1633 aperitur,
1194 1590 1316 1625 modo
1363 1589 1414 1625 de
1460 1590 1694 1626 vocibus.
1740 1589 1862 1625 modo
1903 1588 1953 1624 de

288 1652 436 1687 rebus
463 1651 597 1697 agitur
617 1655 655 1687 et
677 1652 917 1696 frequenter
937 1653 1082 1688 harum
1105 1654 1273 1689 nomina
1294 1654 1346 1690 ad
1363 1654 1453 1690 illas
1475 1655 1615 1690 mutuo
1636 1653 1952 1690 transferuntur.

290 1716 405 1752 [finde
451 1716 631 1753 maxime
672 1718 872 1753 tractatus
912 1720 995 1753 tam
1031 1718 1192 1763 logicae
1230 1728 1353 1763 quam
1397 1719 1696 1764 grammaticae
1736 1728 1790 1754 ex
1822 1721 1953 1755 trans-

288 1781 508 1817 lationibus
550 1781 758 1817 nominum
799 1782 1015 1828 ambiguus
1053 1784 1202 1819 multos
1239 1784 1279 1819 in
1316 1793 1501 1820 errorem
1542 1784 1703 1820 induxit
1735 1793 1818 1820 non
1845 1784 1952 1819 bene

288 1846 589 1891 distinguentes
628 1849 697 1882 aut
734 1847 1030 1891 proprietatem
1063 1848 1339 1891 impositionis
1366 1849 1578 1885 nominum
1611 1850 1682 1884 aut
1708 1848 1951 1884 abusionem
1972 1856 2008 1882 25

288 1910 583 1946 translationis.

428 1975 607 2011 Maxime
630 1978 768 2011 autem
789 1975 819 2011 B
835 1985 857 2011 o
872 1977 953 2012 eth
968 1976 1043 2012 ius
1064 1977 1105 2012 in
1121 1976 1230 2013 Com
1246 1978 1516 2014 mentariis
1537 1978 1644 2014 hanc
1666 1977 1952 2014 confusionem

288 2048 361 2084 per
399 2040 695 2075 translationes
734 2040 833 2076 facit
870 2042 910 2076 et
949 2042 1172 2086 praecipue
1207 2052 1333 2087 super
1366 2043 1631 2087 inquisitione
1658 2043 1802 2078 harum
1831 2050 1954 2086 quae-

289 2104 479 2140 stionum.
506 2104 563 2140 ita
591 2104 755 2149 quidem
783 2107 825 2140 ut
853 2108 1008 2141 rectum
1037 2106 1273 2151 relinquere
1302 2107 1502 2148 videatur,
1531 2107 1626 2152 quid
1652 2117 1811 2153 genera
1831 2108 1954 2143 vocet

289 2170 358 2204 aut
385 2169 561 2213 species.
614 2168 738 2204 Cuius
767 2170 931 2214 quidem
960 2171 1228 2215 quaestiones
1256 2173 1297 2207 et
1319 2181 1396 2207 nos
1417 2172 1600 2208 breviter
1621 2173 1952 2208 transcurramus
1972 2186 2007 2211 30

287 2235 412 2277 atque
441 2233 492 2268 ad
520 2234 775 2278 praedictam
799 2236 1061 2272 sententiam.
1091 2236 1195 2272 sicut
1217 2238 1390 2281 oportet,
1420 2237 1686 2282 applicemus.
1738 2237 1812 2273 Hic
1832 2236 1954 2283 igitur

288 2298 326 2333 in
356 2298 678 2343 investigatione
702 2299 1004 2343 quaestionum,
1033 2302 1075 2336 ut
1095 2301 1242 2337 melius
1269 2310 1357 2337 rem
1385 2301 1597 2343 dissolvat,
1624 2301 1738 2347 prius
1767 2311 1860 2338 93111
1879 2310 1955 2347 per

288 2362 447 2406 aliquas
477 2363 726 2407 sophisticas
755 2364 1022 2408 quaestiones
1050 2367 1138 2407 <et>
1165 2366 1350 2402 rationes
1377 2367 1602 2411 perturbat,
1636 2368 1679 2402 ut
1706 2366 1758 2402 ab
1786 2366 1846 2402 018
1875 2375 1953 2402 1108

288 2427 548 2471 postmodum
592 2428 792 2472 expedire
830 2428 988 2464 doceat.
1041 2429 1088 2465 Et
1134 2431 1214 2466 tale
1260 2431 1453 2475 proponit
1498 2430 1799 2467 inconveniens
1844 2430 1954 2476 quod

289 2492 421 2527 omnis
455 2501 553 2527 cura
592 2494 631 2527 et
658 2492 868 2537 inquisitio
897 2494 947 2529 de
973 2494 1198 2540 generibus
1228 2497 1269 2531 et
1295 2495 1517 2540 speciebus
1545 2495 1597 2532 sit
1623 2495 1913 2540 postponenda
1926 2497 1951 2536 ²,
1972 2508 2007 2533 35

289 2566 337 2591 ac
365 2556 398 2591 si
428 2556 553 2592 dicat:
582 2557 678 2601 quia
698 2557 891 2593 videlicet
908 2568 1065 2603 genera
1087 2561 1127 2595 et
1142 2560 1306 2604 species
1324 2569 1375 2596 93
1390 2569 1497 2605 quae
1519 2560 1721 2600 vitientur,
1749 2560 1953 2596 vocabula

289 2619 368 2655 dici
396 2629 477 2655 non
505 2622 678 2664 possunt
706 2621 795 2656 sive
823 2624 1020 2665 quantum
1043 2623 1094 2658 ad
1116 2632 1252 2659 rerum
1275 2623 1621 2669 significationem
1644 2624 1734 2660 sive
1755 2625 1952 2668 quantum

289 2683 340 2718 ad
375 2683 637 2719 intellectum.
690 2683 749 2719 De
789 2694 925 2720 rerum
965 2687 1102 2721 autem
1138 2686 1443 2732 significatione
1476 2687 1517 2722 in
1547 2696 1596 2722 eo
1625 2686 1816 2727 ostendit,
1843 2686 1952 2732 quod

289 2757 511 2792 numquam
553 2757 630 2789 res,
672 2748 761 2784 sive
796 2759 877 2784 una
919 2750 1008 2785 sive
1042 2751 1265 2795 multiplex,
1306 2751 1551 2787 universalis
1578 2751 1792 2797 reperitur,
1828 2751 1868 2787 id
1889 2752 1954 2787 est

431 2869 473 2900 27
501 2856 633 2901 comm-t
660 2870 748 2901 artis
775 2870 803 2901 A
916 2871 958 2902 29
986 2873 1121 2903 rectum
1150 2871 1374 2912 relinquere]
1405 2873 1537 2904 Τρωίας
1564 2874 1768 2913 corruptus
1793 2881 1874 2905 esse
1899 2873 1951 2905 vi-

289 2927 417 2962 detur:
452 2929 586 2960 amtor
614 2929 775 2960 sortasse
802 2930 861 2961 hit·
887 2929 1042 2962 addus-it
1070 2931 1182 2962 verba
1209 2931 1357 2963 Bonum·
1396 2930 1443 2971 (p.
1475 2932 1535 2963 161
1553 2930 1599 2970 ”jz
1634 2933 1671 2963 ut
1703 2940 1770 2964 nec
1803 2931 1950 2964 anxium

290 2986 436 3017 lectoris
465 2987 622 3018 animum
652 2987 852 3027 relinquam
954 2990 996 3019 232³,
1025 2987 1183 3028 aliquas]
1212 2999 1319 3029 quam
1347 2990 1372 3022 A
1477 2991 1519 3022 36
1551 2988 1661 3030 dicat]
1689 2992 1709 3022 (1
1735 2991 1764 3022 Λ

432 3055 440 3075 ¹
471 3066 504 3096 p.
536 3058 682 3088 19—20.
829 3056 842 3078 '2
871 3059 1037 3096 Boeth„
1066 3059 1109 3091 In
1138 3059 1274 3100 Porph.
1298 3060 1351 3092 cd.
1381 3060 1430 3097 11..
1458 3069 1492 3100 p.
1523 3060 1587 3091 163
1602 3059 1641 3093 ²¹.
