2200 3387
152 738 285 772 1300111.

122 797 154 829 p.
172 788 238 819 1813
257 786 285 820 13

316 277 380 310 148
716 281 820 312 Peter
847 281 1049 314 Abaelards
1077 282 1211 323 Logiea
1239 283 1561 323 ,ingredientibus‘.

314 376 377 410 vel
416 376 521 410 iilum
561 386 667 413 esse.
711 387 851 412 verum
891 379 963 413 est.
1030 379 1183 414 omnia
1222 380 1347 415 enim.
1409 379 1638 416 Submissio
1681 383 1746 417 est
1781 382 1974 418 illationIS

313 440 458 475 eadem
497 450 603 484 quae
644 441 715 477 i'uit
751 452 775 477 a
814 452 952 478 causa.
1003 442 1102 478 Cum
1137 444 1276 479 omnia
1309 454 1414 489 quae
1448 445 1488 480 in
1526 445 1712 482 subiecto
1750 448 1855 487 sunt,
1893 447 1974 483 sint

313 505 351 539 in
381 505 519 549 primis
547 506 788 541 substantiis
818 508 860 542 ut
886 507 925 542 in
955 507 1162 545 subiectis.
1201 509 1406 552 quomodo
1436 509 1574 545 dicunt
1601 510 1797 554 quidam
1834 511 1974 556 opina-

313 569 509 605 bilitatein
538 580 658 614 quam
688 581 787 607 vere
816 581 912 607 esse
940 573 1182 610 concedunt.
1220 573 1381 608 fundari
1416 573 1455 609 in
1487 574 1699 610 chimaera
1734 585 1856 620 quam
1893 585 1975 612 non

315 641 409 668 esse
449 634 682 669 concedunt
721 634 918 671 omnino?
969 636 1009 671 Si
1043 636 1151 671 enim
1191 636 1357 672 omnino
1398 637 1609 673 chimaera
1647 647 1729 674 non
1770 640 1844 679 est,
1883 639 2010 675 sub-⁵

315 698 467 733 stantia
495 708 576 733 non
606 700 678 734 est.

455 763 758 800 sesamum-nm.
811 765 928 801 Redit
956 766 1103 801 iterum
1131 766 1182 801 ad
1211 767 1417 803 secundas
1446 768 1699 803 substantias
1728 770 1768 804 θῖ
1795 768 1976 804 ostendit

314 828 514 872 quasdam
543 838 683 864 carum
712 829 817 864 inter
844 840 889 865 se
924 831 1055 875 magis
1092 832 1132 866 et
1167 831 1300 867 minus
1338 840 1434 867 esse
1472 832 1737 871 substantias,
1775 832 1975 877 quasdam

313 893 542 938 aequaliter
569 903 664 929 esse
691 895 954 930 substantias.
1006 895 1136 940 Magis
1165 896 1272 932 enim
1301 897 1533 933 substantia
1561 897 1725 942 species
1760 899 1824 933 est
1851 907 1974 942 quam

315 967 457 1003 genus.
485 968 537 993 ex
565 968 615 994 eo
643 959 797 995 scilicet
825 960 933 1004 quod
961 960 1123 1005 species
1152 961 1240 996 eius
1269 963 1342 999 θεῖ,
1371 962 1466 1006 quia
1487 962 1643 998 scilicet
1664 962 1975 998 determinatius
1996 966 2028 991 10

314 1033 400 1058 rem
429 1010 654 1059 subiectam
683 1024 866 1059 nominat
893 1034 1015 1068 quam
1043 1026 1240 1070 generale
1269 1027 1530 1068 vocabulum;
1558 1027 1713 1071 quanto
1742 1027 1851 1063 enim
1878 1036 1976 1071 pau-

315 1088 494 1123 cioribus
516 1088 721 1124 convenit.
742 1090 855 1124 tanto
872 1089 1251 1126 determinatiorcm
1274 1091 1601 1127 nominationem
1623 1092 1756 1128 habet.
1805 1091 1975 1136 Species

315 1162 413 1188 vero
436 1153 762 1197 specialissimae
778 1154 1009 1198 aequaliter
1022 1154 1199 1190 invicem
1222 1156 1479 1192 substantiae
1502 1157 1606 1193 sunt.
1658 1157 1776 1192 Nulla
1796 1165 1975 1201 namque

315 1227 456 1254 earum
485 1228 538 1254 ex
566 1227 615 1253 eo
643 1219 752 1263 quod
781 1219 1108 1263 specialissimae
1137 1222 1240 1258 sunt.
1270 1220 1487 1256 certiorem
1524 1221 1869 1267 significationem
1897 1221 1978 1257 alia

315 1284 439 1319 habet
466 1292 543 1319 nec
571 1293 624 1318 ex
652 1292 701 1319 eo
730 1284 838 1328 quod
875 1283 1039 1328 species
1074 1286 1149 1320 est.
1200 1285 1588 1325 Determinavimus‚
1629 1286 1725 1331 quia
1761 1286 1795 1321 si
1828 1285 2032 1331 simpli-15

316 1350 417 1384 citer
444 1359 704 1393 negaremus,
731 1349 879 1385 falsum
908 1351 1032 1388 esset.
1061 1359 1153 1385 cum
1180 1360 1261 1386 una
1289 1350 1453 1395 species
1486 1351 1625 1395 plures
1652 1360 1721 1387 res
1748 1360 1871 1396 quam
1898 1350 1979 1386 alia

316 1415 559 1450 contineret.
610 1414 751 1450 Plures
779 1424 957 1459 namque
991 1417 1085 1450 sunt
1113 1424 1291 1459 quercus
1319 1425 1442 1460 quam
1479 1415 1630 1451 laurus.
1682 1415 1748 1452 Sic
1781 1415 1904 1461 iunge
1938 1416 1980 1451 et

317 1480 426 1525 lege:
462 1479 501 1515 in
535 1479 613 1515 hoc
644 1488 788 1515 omnes
817 1479 1026 1515 secundae
1054 1480 1312 1516 substantiae
1349 1480 1612 1521 conveniunt,
1646 1481 1755 1525 quod
1791 1480 1980 1516 dicuntur

318 1545 368 1580 de
396 1544 537 1589 primis
566 1543 805 1579 substantiis
834 1545 874 1579 ut
902 1544 952 1579 de
981 1544 1190 1585 subiectis,
1224 1545 1298 1580 sed
1326 1544 1367 1580 in
1394 1545 1472 1581 hoc
1500 1544 1694 1581 differunt
1720 1545 1830 1590 quod
1857 1553 1980 1590 quae-

317 1609 411 1645 dam
440 1609 698 1645 substantiae
735 1611 828 1644 sunt
855 1609 986 1654 magis
1022 1609 1278 1646 substantiae
1306 1609 1408 1651 aliis,
1445 1609 1486 1645 id
1513 1611 1578 1646 θεῖ
1604 1610 1981 1646 determinatiorem
2000 1617 2034 1642 20

319 1674 642 1711 nominationem
689 1673 1017 1719 [nominatIOnis]
1063 1675 1276 1710 habentes.
1339 1674 1387 1710 Et
1432 1674 1498 1710 hic
1536 1675 1702 1719 quidem
1740 1674 1979 1717 substantia,

318 1749 469 1776 nomen
498 1749 671 1775 vocum
699 1739 807 1783 quod
836 1741 1041 1784 sumptum
1070 1741 1144 1777 est.
1172 1740 1224 1775 ad
1252 1740 1606 1784 comparationem
1634 1740 1758 1775 venit.
1810 1739 1981 1784 Species

318 1805 593 1841 secundarum
620 1804 953 1844 substantiarum,
991 1804 1031 1839 id
1059 1806 1123 1840 est
1149 1805 1200 1840 de
1229 1814 1399 1840 numero
1428 1804 1705 1840 secundarum
1733 1804 1982 1841 substantia-

318 1879 416 1905 rum.
452 1870 515 1904 est
542 1868 672 1913 magis
701 1868 943 1908 substantia,
980 1868 1019 1903 id
1048 1870 1110 1903 est
1147 1868 1459 1904 determinatius
1498 1868 1717 1904 nominans
1754 1877 1840 1904 rem
1873 1877 1980 1912 quae

319 1933 551 1969 substantia
578 1934 651 1974 est,
674 1942 795 1977 quam
816 1942 934 1968 suum
954 1942 1098 1978 genus.
1138 1933 1432 1978 Propinquior
1450 1933 1576 1969 enim.
1628 1933 1737 1969 Vere
1765 1934 1829 1969 est
1848 1932 1980 1978 magis
2001 1940 2035 1965 25

320 1998 555 2035 substantia
581 1998 746 2042 species
774 2007 895 2042 quam
925 2007 1041 2033 suum
1063 2007 1206 2043 genus,
1234 1998 1329 2042 quia
1357 1999 1420 2033 est
1446 1998 1725 2042 propinquior,
1752 1998 1791 2033 id
1813 1998 1878 2034 est
1896 1997 1983 2033 affi—

320 2064 412 2100 nior
438 2063 593 2108 primae
622 2062 879 2098 substantiae
907 2062 947 2097 in
975 2063 1096 2098 modo
1124 2062 1418 2098 nominationis
1447 2072 1569 2107 quam
1596 2072 1739 2108 genus.
1790 2062 1824 2098 A
1851 2063 1980 2107 parte.

322 2129 439 2169 Quod
479 2128 586 2164 enim
624 2129 686 2163 est
713 2127 844 2172 magis
873 2127 1105 2163 substantia
1132 2137 1255 2172 quam
1289 2137 1432 2173 genus,
1469 2127 1577 2163 aliud
1614 2128 1677 2163 θεῖ
1711 2127 1982 2173 propinquius

320 2194 478 2238 primae
507 2192 765 2228 substantiae
794 2202 917 2237 quam
943 2201 1086 2238 genus,
1115 2192 1225 2228 aliud
1260 2193 1321 2228 est
1353 2192 1445 2237 ipsa
1478 2192 1609 2237 prima
1645 2192 1888 2228 substantia.
1939 2191 1982 2228 In

321 2268 370 2294 eo
399 2260 535 2294 autem
563 2257 724 2302 species
753 2259 817 2293 est
843 2257 1009 2293 affinior
1036 2257 1246 2293 individuo
1274 2266 1395 2302 quam
1424 2266 1566 2302 genus,
1595 2257 1691 2302 quia
1718 2266 1809 2292 cum
1840 2256 1983 2293 indivi-
2002 2264 2038 2288 30

323 2324 444 2359 duum
474 2332 560 2358 rem
589 2332 642 2358 ex
670 2324 755 2358 toto
784 2322 1056 2358 determinate
1090 2322 1285 2359 nominet.
1322 2322 1418 2366 quia
1450 2322 1520 2357 uni
1553 2322 1629 2358 soli
1664 2331 1739 2367 per
1770 2331 1816 2357 se
1844 2321 1984 2357 datum

321 2390 395 2428 est,
424 2387 553 2433 magis
581 2387 631 2423 ad
660 2386 1007 2432 significationem
1035 2386 1124 2422 eius
1161 2387 1323 2422 accedit
1355 2387 1520 2431 species
1548 2396 1670 2432 quam
1697 2396 1841 2432 genus,
1875 2395 1982 2431 quae

321 2453 584 2498 paucioribus
621 2451 828 2488 convenit.
879 2452 923 2487 St
951 2452 1046 2496 quis
1073 2452 1199 2487 enim.
1251 2451 1360 2487 Vere
1395 2451 1561 2487 affinior
1596 2452 1660 2487 est
1694 2451 1854 2496 primae
1891 2451 1983 2486 sub-

322 2518 499 2554 stantiae
528 2527 649 2561 quam
676 2526 820 2561 genus,
849 2516 946 2561 quia
972 2526 1049 2552 nos
1077 2516 1228 2552 certius
1254 2525 1339 2551 rem
1368 2516 1526 2561 primae
1563 2515 1821 2552 substantiae
1858 2515 1985 2551 nomi-

323 2591 468 2617 namus
496 2590 569 2624 per
595 2580 777 2624 speciem
806 2589 926 2624 quam
956 2589 1031 2624 per
1056 2589 1200 2624 genus.
1251 2579 1314 2614 Ab
1341 2579 1503 2615 effectu.
1554 2578 1602 2614 Et
1622 2579 1700 2614 hoc
1721 2580 1801 2624 est:
1827 2579 1865 2614 si
1890 2578 1984 2622 quis
2003 2587 2037 2611 35

321 2646 507 2689 ass-mne!
521 2645 712 2689 primam
727 2644 965 2679 substantia
973 2654 1026 2685 m,
1038 2644 1075 2679 id
1091 2645 1154 2679 est
1170 2644 1427 2679 demonstret
1441 2653 1528 2679 rem
1543 2643 1700 2688 primae
1713 2642 1983 2684 substantiae,

322 2710 425 2753 qnid
450 2709 503 2744 sil
532 2709 607 2744 etc.
664 2708 708 2743 Ul
736 2708 951 2752 quendam
980 2708 1211 2749 hominem,
1238 2707 1276 2743 id
1305 2709 1368 2743 est
1394 2716 1482 2743 rem
1508 2707 1768 2752 particularis
1794 2707 1984 2748 nominis,

320 2773 539 2817 proferens
567 2772 672 2806 banc
698 2780 845 2806 vocem
874 2771 1018 2811 ,homo‘
1047 2780 1168 2815 quam
1203 2771 1365 2806 animal.
1417 2770 1465 2805 Et
1497 2779 1624 2815 quare
1658 2771 1746 2811 hoc,
1780 2769 1984 2815 supponit,

323 2838 416 2881 quia
459 2837 567 2872 illm!
612 2845 781 2875 nornen,
834 2835 991 2871 scilicet
1035 2836 1177 2875 homo,
1231 2837 1288 2871 est
1331 2835 1472 2879 ‘mayz‘s
1512 2835 1747 2879 proprium
1800 2835 1986 2870 alicuius

323 2901 523 2942 Ιιοιηὶηῖε,
561 2901 600 2936 id
640 2902 704 2936 cst
739 2900 933 2936 convenit
978 2900 1039 2935 eis
1082 2910 1173 2936 cum
1206 2899 1479 2944 paucioribus
1519 2901 1596 2935 hoc
1633 2901 1789 2941 cautem,
1827 2898 1985 2934 scilicet
2004 2910 2038 2935 40

322 2964 484 3004 animal,
523 2964 806 3005 cmnmunius,
839 2963 936 3008 quia
969 2963 1125 2999 scilicet
1157 2963 1354 2999 convenit
1393 2964 1434 2998 et
1466 2962 1754 3007 compluribus.
1806 2962 1865 2998 Etr
1889 2971 1985 2997 cum

468 3098 524 3128 5-{5
554 3096 835 3129 SUBSTANCIA
865 3096 957 3128 NON
986 3095 1067 3127 EST
1094 3095 1122 3127 A
1249 3096 1288 3127 12
1317 3095 1488 3127 convenit
1515 3095 1571 3127 bis
1598 3095 1637 3126 in
1663 3094 1691 3126 A
1768 3093 1985 3126 determina-

323 3156 420 3187 tione
447 3155 476 3187 1-1
575 3156 617 3186 37
646 3153 816 3194 nominis]
844 3155 999 3187 hominis
1025 3154 1066 3186 A.
