2200 3387
195 898 228 922 10

194 1224 226 1249 15

193 1556 228 1581 ‘20

194 1875 228 1901 25

192 2204 228 2230 30

195 2530 229 2555 35

195 2854 230 2880 40

511 212 541 244 2.
572 211 636 243 Die
664 212 821 244 Glossen
850 221 893 243 zu
922 212 989 244 den
1019 212 1253 251 Kategorien.
1283 230 1324 234 ——
1355 212 1406 243 De
1435 212 1649 252 quantitate.
1858 210 1924 244 183

249 317 332 344 non
360 309 501 353 potest
529 317 638 347 esse.
676 310 718 344 ut
745 308 878 354 prima
904 310 1018 344 mota
1045 318 1125 343 non
1156 311 1374 343 moveatur
1410 311 1610 344 extrema.
1662 309 1709 345 Et
1743 310 1923 345 fortasse

248 382 391 409 verum
431 375 505 411 est.
543 373 639 409 licet
672 383 749 409 nos
787 375 941 409 motum
971 374 1185 409 extremae
1213 373 1342 417 partis
1371 383 1453 408 non
1483 374 1759 418 percipiamus
1785 375 1923 419 aliquo

248 447 388 474 sensu.
434 437 627 474 Fortasse
644 438 766 474 etiam
783 447 865 474 non
888 439 951 473 est
973 446 1160 477 necesse.
1183 440 1225 473 ut
1247 439 1360 473 mota
1381 447 1463 473 una
1485 441 1702 474 moveatur
1723 439 1923 484 proxima.

248 502 365 538 Adeo
394 511 573 547 namque
601 511 754 548 parvus
783 511 881 538 esse
909 503 1045 537 motus
1073 501 1235 546 poterit,
1271 503 1314 536 ut
1342 511 1423 537 non
1453 502 1666 538 continuet
1694 503 1922 547 proximam

251 568 423 613 partem.

391 630 574 672 Quaeri
608 631 731 667 etiam
766 631 862 667 illud
895 632 1070 676 potest¹‚
1111 640 1203 666 cum
1237 630 1348 666 linea
1381 631 1446 666 vel
1480 631 1646 675 aliquod
1686 632 1925 668 continuum

248 696 409 732 dicatur
435 696 545 741 quod
572 698 714 741 partes
741 683 831 732 eius
860 696 912 732 ad
939 704 1203 731 communem
1237 695 1458 732 terminum
1496 696 1753 741 copulentur,
1790 699 1924 732 utrum

249 760 342 796 ideo
370 760 480 805 quod
508 769 678 796 omnes
714 760 803 796 eius
843 761 982 805 partes
1021 769 1097 805 per
1132 759 1314 796 medium
1350 760 1570 796 terminum
1609 761 1925 806 coniungantur.

248 825 408 862 dicatur
435 825 674 862 continuum
702 825 769 861 vel
796 825 892 870 quia
919 825 1132 870 aliquae.
1185 824 1268 861 Sed
1296 834 1378 860 non
1407 835 1553 861 omnes
1580 826 1826 871 copulantur
1853 836 1926 872 per

249 889 428 926 medium
468 889 699 929 terminum,
737 890 880 934 utpote
925 889 1016 935 ipse
1059 888 1220 925 medius
1260 889 1474 925 terminus.
1538 889 1763 926 Praeterea
1803 900 1925 927 omne

247 954 522 1000 compositum
550 954 711 990 duabus
733 954 993 990 sufficienter
1014 954 1202 1000 partibus
1224 955 1455 990 secundum
1477 955 1655 1000 aliquam
1679 955 1924 991 divisionem

247 1020 385 1065 potest
412 1020 722 1065 comprehendi,
750 1021 793 1056 ut
821 1019 1082 1065 tripunctalis
1110 1020 1233 1059 linea,
1262 1029 1353 1056 cum
1377 1020 1466 1056 eius
1489 1020 1637 1056 divisio
1660 1020 1699 1056 in
1728 1023 1923 1066 punctum

247 1087 288 1121 et
309 1085 587 1131 bipunctalem
607 1085 758 1121 lineam
781 1085 1019 1127 attenditur,
1048 1095 1172 1121 unum
1199 1085 1307 1121 inter
1328 1085 1403 1121 lias
1425 1087 1566 1131 partes
1588 1086 1768 1122 medium
1791 1087 1926 1122 termi-

247 1160 344 1187 num
372 1160 454 1187 non
483 1151 619 1187 habet.
673 1150 792 1191 Quod
830 1151 865 1187 si
902 1150 1089 1187 dicamus
1127 1151 1168 1187 in
1206 1160 1256 1187 eo
1294 1151 1533 1187 continuam
1571 1161 1667 1188 esse
1704 1162 1788 1188 non
1816 1152 1926 1197 quod

249 1225 393 1253 omnes
419 1217 560 1262 partes
589 1216 678 1252 eius
704 1216 954 1261 copulantur
980 1226 1055 1262 per
1089 1216 1270 1252 medium
1304 1217 1538 1260 terminum,
1574 1217 1648 1253 sed
1685 1217 1834 1262 aliqua,
1871 1217 1927 1253 vi-

248 1281 398 1318 dentur
424 1283 647 1327 praeterea
674 1281 794 1327 plura
814 1281 1013 1318 continua
1040 1291 1136 1318 esse
1158 1291 1266 1327 quae
1288 1292 1371 1318 non
1394 1284 1501 1323 sunt,
1530 1284 1573 1318 ut
1594 1284 1735 1323 totum,
1762 1292 1926 1328 corpus,

248 1347 407 1388 domus,
435 1347 545 1392 quod
573 1347 814 1383 continuum
843 1349 908 1383 est
934 1347 974 1383 in
1003 1347 1247 1392 quibusdam
1275 1347 1471 1393 partibus.
1500 1347 1680 1384 medium
1707 1348 1926 1384 terminum

247 1413 375 1449 habet
389 1412 442 1449 ad
457 1421 531 1448 eas
545 1414 687 1458 partes
709 1413 1037 1459 coniungendas.
1071 1412 1255 1449 Dicimus
1278 1413 1418 1458 itaque
1440 1413 1537 1449 illud
1559 1413 1669 1458 quod
1685 1413 1926 1450 continuum

248 1476 395 1513 dicitur
410 1486 485 1522 per
496 1477 677 1513 medium
692 1477 924 1518 terminum,
939 1486 1076 1522 neque
1088 1477 1185 1513 inde
1201 1477 1441 1513 continuum
1463 1477 1523 1513 sic
1539 1477 1631 1519 dici,
1653 1478 1763 1522 quod
1780 1486 1926 1514 omnes

249 1542 340 1579 eius
366 1544 508 1588 partes
543 1542 601 1578 ita
637 1542 953 1588 coniungantur.
991 1551 1128 1587 neque
1162 1542 1258 1579 ideo
1297 1542 1394 1587 quia
1429 1543 1648 1588 quaedam,
1685 1543 1759 1579 sed
1796 1543 1837 1579 in
1875 1553 1926 1580 eo

247 1606 397 1652 potius,
425 1606 536 1651 quod
572 1607 787 1643 extremae
825 1607 885 1642 sic
918 1606 998 1643 sibi
1034 1607 1291 1652 copulantur.
1343 1606 1540 1643 Extrema
1574 1616 1675 1643 vero
1713 1617 1806 1644 esse
1844 1617 1927 1644 non

247 1672 420 1718 possint.
448 1672 526 1708 nisi
553 1672 734 1708 medium
761 1672 955 1726 habeant.
1006 1672 1193 1708 Diversis
1215 1674 1354 1709 autem
1376 1673 1638 1718 respectibus
1662 1673 1830 1709 diversa
1857 1682 1927 1709 ex-

248 1739 382 1774 trema
408 1737 474 1773 vel
503 1737 672 1773 diversa
708 1737 845 1773 media
882 1737 923 1773 in
961 1737 1111 1774 eodem
1146 1739 1343 1783 poterunt
1380 1747 1486 1779 esse,
1522 1738 1650 1774 veluti
1687 1738 1727 1774 in
1766 1738 1927 1783 quadri-

247 1802 430 1848 punctali
462 1802 574 1839 linea
605 1812 829 1848 possumus
857 1803 937 1839 duo
966 1803 1179 1839 exteriora
1214 1804 1369 1848 puncta
1403 1803 1544 1840 dicere
1583 1805 1772 1839 extrema
1809 1805 1850 1839 et
1885 1803 1928 1839 li-

248 1877 370 1904 neam
384 1878 437 1904 ex
453 1868 614 1904 duobus
631 1868 778 1904 mediis
794 1868 956 1913 punctis
970 1868 1150 1904 medium
1166 1868 1389 1904 terminum
1404 1869 1672 1905 constituere.
1701 1869 1926 1905 Possumus

249 1933 372 1970 etiam
407 1934 636 1970 secundum
673 1935 869 1979 punctum
897 1934 963 1969 vel
1000 1934 1165 1970 tertium
1199 1936 1395 1979 punctum
1435 1934 1706 1970 considerare
1746 1934 1926 1970 medium

247 1999 467 2036 terminum
494 1999 602 2036 inter
627 2001 825 2045 punctum
854 2001 895 2035 et
920 1999 1073 2035 lineam
1107 1999 1401 2044 bipunctalem‚
1436 1999 1584 2044 quibus
1619 1999 1849 2041 interiacet,
1887 2002 1928 2036 et

247 2067 345 2101 tunc
372 2066 564 2101 extrema
591 2064 844 2110 accipiemus
873 2064 1063 2101 exterius
1087 2061 1285 2110 p‘unctum
1319 2067 1360 2101 et
1396 2065 1651 2102 exteriorem
1691 2065 1843 2101 lineam
1871 2065 1929 2101 bi-

248 2130 498 2176 punctalem.

391 2195 493 2232 Illud
527 2195 653 2232 etiam
687 2195 873 2232 mirabile
908 2196 1081 2237 videtur,
1119 2196 1327 2241 quomodo
1365 2196 1406 2232 in
1445 2206 1623 2242 corpore
1663 2198 1748 2233 tres
1786 2206 1928 2242 super-

247 2261 365 2297 ficies
392 2261 458 2297 vel
485 2261 626 2306 plures
655 2261 733 2297 sibi
761 2261 1003 2306 suppositae
1034 2261 1330 2298 continuentur
1356 2261 1447 2297 sine
1482 2261 1712 2298 intervallo.
1765 2261 1927 2307 Quippe

248 2325 358 2362 inter
383 2325 628 2371 superficies
655 2326 748 2372 ipsa
773 2326 1046 2363 fundamenta
1070 2326 1222 2368 iacent,
1260 2328 1404 2372 partes
1433 2327 1591 2363 scilicet
1629 2327 1927 2363 substantiales

249 2390 437 2436 corporis
465 2399 572 2436 quae
600 2401 684 2427 non
713 2393 808 2428 sunt
835 2391 885 2428 de
907 2392 1094 2428 essentia
1115 2392 1381 2437 quantitativi
1402 2392 1599 2437 corporis.
1652 2392 1770 2428 Unde
1792 2392 1926 2437 ipsum

249 2456 567 2502 quantitativum
595 2466 748 2502 corpus
776 2456 855 2493 dici
883 2457 1123 2493 continuum
1151 2458 1326 2494 videtur.
1380 2457 1462 2494 Sed
1489 2467 1572 2494 non
1600 2459 1665 2494 est
1692 2457 1760 2493 ita.
1815 2457 1929 2493 Sicut

249 2521 359 2558 enim
386 2530 484 2567 pars
511 2521 649 2558 media
675 2522 960 2559 substantialis
995 2523 1183 2568 corporis
1218 2523 1270 2559 ad
1307 2524 1520 2559 extremas
1557 2523 1833 2564 continuatur,
1870 2522 1927 2558 ita

250 2588 291 2623 et
327 2586 574 2632 superficies
611 2587 751 2624 media
789 2588 950 2624 duabus
978 2589 1179 2624 extremis
1207 2588 1451 2629 conectitur.
1489 2589 1642 2634 quippe
1670 2588 1808 2624 media
1835 2588 1928 2624 sub-

250 2651 415 2693 stantia,
455 2651 519 2688 cui
558 2652 697 2688 media
734 2652 982 2698 superficies
1022 2653 1199 2695 adiacet,
1239 2654 1486 2690 tenuissima
1526 2656 1590 2690 est
1628 2663 1707 2689 nec
1740 2653 1844 2689 ullas
1886 2653 1926 2688 in

250 2717 386 2762 spisso
414 2718 555 2762 partes
582 2717 718 2753 habet.
770 2717 889 2754 Unde
917 2718 1165 2763 superficies
1193 2729 1301 2764 quae
1339 2719 1376 2755 ei
1414 2719 1532 2757 inest.
1571 2720 1700 2755 totam
1738 2727 1829 2754 eam
1867 2718 1927 2754 sic

250 2784 438 2827 occupat.
461 2783 503 2818 ut
524 2791 578 2818 ex
599 2782 699 2818 ista
719 2784 837 2827 parte
859 2783 1175 2829 superiorem
1203 2784 1468 2829 superficiem
1497 2784 1674 2829 attingat
1696 2793 1778 2819 non
1805 2783 1927 2818 inter-

251 2848 388 2893 posito
416 2847 497 2883 ullo
524 2847 807 2887 fundamento,
835 2857 888 2884 ex
916 2848 1003 2884 illa
1030 2851 1147 2893 parte
1175 2849 1480 2885 inferiorem.

392 2911 459 2948 De
481 2912 618 2958 poris
640 2912 777 2953 etiam,
799 2913 839 2949 id
860 2915 926 2950 est
947 2914 1193 2959 quibusdam
1215 2913 1492 2950 invisibilibus
1511 2913 1796 2952 foraminibus.
1818 2921 1925 2957 quae

394 3036 413 3068 4
441 3036 629 3068 continuat
657 3036 686 3067 A
787 3036 828 3067 41
858 3033 926 3075 De]
955 3035 982 3068 D
1011 3035 1111 3069 deest
1138 3036 1177 3068 in
1204 3035 1246 3068 Α.

394 3099 403 3122 ¹
433 3101 584 3133 Abael.
614 3101 635 3133 l.
664 3110 702 3138 ι’..
732 3110 765 3141 p.
797 3101 874 3138 194,
905 3100 982 3133 195.
