2200 3387
390 238 420 270 2.
448 237 514 270 Die
542 238 698 270 Glosscn
726 246 770 270 zu
797 237 867 270 den
896 237 1128 278 Kategorien.
1162 252 1200 256 —
1230 237 1281 269 De
1309 237 1407 278 quali
1436 239 1471 270 et
1499 238 1685 278 qualitate.
1839 236 1908 271 245

231 335 271 371 id
287 337 448 372 estnon
466 335 770 380 praedicantur,
798 344 889 370 cum
906 334 1038 379 magis
1055 334 1120 370 vel
1137 334 1283 375 minus,
1305 334 1402 380 quia
1417 335 1646 380 triangulus
1668 336 1709 371 et
1729 335 1907 372 circulus

232 402 274 437 et
299 400 487 436 similiter
513 401 630 436 aliae.
683 399 730 436 Et
757 409 855 435 vere
884 399 1114 444 triangulus
1136 401 1176 435 et
1198 399 1375 436 circulus
1398 410 1477 435 non
1502 400 1794 445 praedicantur
1815 410 1907 438 cum

233 466 365 511 magis
393 466 457 502 vel
487 465 633 503 minus,
661 464 758 510 quia
786 474 921 510 neque
950 464 1000 500 de
1028 464 1265 500 nominibus
1294 474 1429 500 rerum
1453 465 1766 510 suscipientium
1789 476 1907 503 suam

233 531 515 567 definitionem
544 534 729 575 <neque>
756 540 838 566 non
867 529 1231 575 <suscipientium>
1259 530 1554 575 praedicantur
1575 540 1666 566 cum
1689 532 1821 576 magis
1843 532 1906 568 vel

196 606 212 629 5
233 596 379 632 minus.
431 596 597 638 <Qu0d>
622 595 814 633 ostendit.
842 605 932 631 cum
956 595 1013 631 ait
1035 605 1102 632 res
1125 595 1284 631 illorum
1306 595 1517 631 nominum
1540 605 1685 631 omnes
1709 595 1908 637 similiter,

233 661 270 697 id
299 663 364 697 est
390 661 631 706 aequaliter,
659 661 738 697 dici
766 661 995 706 triangulos
1025 661 1089 697 vel
1123 660 1311 701 circulos,
1350 661 1427 697 hoc
1461 662 1525 697 est
1558 661 1648 697 sine
1686 661 1817 707 magis
1844 662 1908 698 vel

232 725 378 762 minus.
432 726 588 762 Eorum
621 737 726 762 vero.
779 726 1002 771 Postquam
1031 726 1214 762 ostendit
1240 726 1489 771 triangulum
1512 726 1577 762 vel
1605 726 1802 763 circulum
1825 737 1909 764 non

232 791 459 828 convenire
480 801 572 828 cum
595 792 726 838 magis
743 792 807 828 vel
830 792 964 828 minus
987 792 1110 828 rebus
1133 791 1457 837 suscipientibus
1479 801 1595 828 suam
1613 792 1909 834 definitionem,

233 857 413 894 ostendit
434 858 607 894 alteram
624 859 796 903 partem,
819 858 977 894 scilicet
999 867 1134 903 neque
1156 858 1281 894 rebus
1296 861 1429 899 (non)
1450 857 1774 902 suscipientibus
1792 868 1909 894 suam

181 930 214 955 10
234 921 518 958 definitionem
546 923 708 959 dicens:
738 923 792 958 nil
814 931 956 958 eorum
980 931 1087 968 quae
1110 932 1192 958 non
1213 922 1445 968 suscipiunt
1466 931 1610 958 eorum
1631 921 1909 964 definitIOnes,

233 988 407 1024 alterum
445 987 592 1024 dicitur
626 988 758 1024 altero
796 988 927 1033 magis
962 988 1027 1023 vel
1065 987 1313 1033 triangulum
1348 987 1415 1024 vel
1454 987 1662 1024 circulum.
1716 986 1912 1024 Similiter

232 1053 416 1099 intellige
444 1053 495 1089 de
523 1053 669 1089 minus.
722 1053 763 1090 Si
791 1053 899 1089 enim
929 1054 1103 1089 alterum
1126 1053 1258 1097 magis
1281 1054 1473 1098 respectu
1495 1052 1678 1094 alterius,
1700 1062 1778 1089 nec
1800 1053 1910 1090 aliud

233 1118 368 1155 minus
395 1120 590 1164 respectu
617 1119 735 1155 illius.
786 1119 856 1155 Nil
883 1119 1009 1155 enim.
1062 1118 1255 1155 Ostendit
1287 1118 1328 1155 in
1361 1118 1559 1164 partibus,
1588 1118 1699 1164 quod
1732 1118 1910 1155 circulus

234 1192 317 1219 non
344 1183 541 1220 convenit
567 1193 659 1220 cum
687 1183 820 1230 magis
848 1184 974 1220 rebus
1001 1193 1085 1220 non
1113 1183 1438 1228 suscipientibus
1466 1192 1584 1219 suam
1613 1182 1911 1224 definitionem,

181 1258 214 1285 15
234 1247 331 1293 quia
358 1247 460 1288 istis,
489 1248 880 1294 quadrangulationi
914 1248 1073 1284 scilicet
1100 1248 1166 1284 vel
1202 1247 1363 1284 formae
1400 1247 1576 1293 longiori
1613 1247 1745 1284 altera
1780 1249 1910 1293 parte.

233 1314 497 1359 Simpliciter
527 1316 684 1350 autem.
736 1313 845 1350 Vere
880 1314 959 1350 ista
992 1323 1075 1350 non
1109 1313 1363 1350 conveniunt
1396 1322 1488 1350 cum
1520 1313 1653 1359 magis
1681 1313 1746 1349 vel
1776 1313 1911 1350 minus

234 1379 333 1420 istis,
349 1379 446 1424 quia
466 1379 586 1415 nullis
606 1379 904 1425 recipientibus
920 1389 1039 1416 suam
1062 1379 1358 1415 definitionem.
1399 1378 1433 1414 A
1455 1380 1553 1420 toto,
1575 1378 1654 1415 hoc
1675 1380 1740 1415 est
1761 1379 1913 1425 simpli-

235 1444 348 1482 citer.
376 1445 415 1481 id
443 1446 507 1481 est
534 1445 838 1486 universaliter,
866 1445 958 1481 dico
985 1445 1022 1481 si
1049 1445 1096 1481 in
1125 1447 1316 1487 utroque,
1342 1444 1383 1480 id
1405 1445 1480 1485 est,
1502 1444 1538 1480 si
1558 1444 1650 1481 dico
1669 1444 1809 1489 aliqua
1828 1454 1912 1481 non

235 1510 466 1555 suscipiunt
492 1510 708 1551 rationem,
735 1511 775 1547 id
803 1512 867 1547 est
894 1510 1180 1547 definitionem
1207 1510 1329 1546 huius
1357 1509 1569 1555 propositi,
1603 1509 1761 1546 scilicet
1788 1510 1913 1546 trian-

180 1585 216 1612 20
235 1575 318 1622 guli
344 1575 432 1612 sive
460 1576 611 1617 circuli,
639 1585 747 1621 quae
774 1576 972 1622 proposui
1004 1576 1047 1612 in
1074 1575 1290 1621 exemplis,
1324 1585 1408 1612 non
1436 1575 1596 1612 dicetur
1622 1577 1697 1612 etc.
1751 1575 1912 1621 Quippe

235 1641 493 1687 comparatio
514 1651 598 1678 non
618 1641 665 1678 fit
686 1641 767 1678 nisi
787 1642 894 1678 inter
914 1641 1217 1687 participantia.
1269 1641 1355 1677 Nisi
1372 1640 1483 1677 enim
1499 1641 1549 1677 de
1571 1640 1790 1677 virtutibus
1806 1642 1914 1678 uter-

235 1715 316 1752 que
352 1706 486 1743 bonus
524 1707 586 1747 sit,
629 1717 712 1743 non
746 1707 895 1744 dicitur
937 1707 1043 1743 alter
1077 1707 1258 1749 <altero>
1295 1706 1442 1743 melior
1477 1706 1802 1752 comparatione,
1839 1706 1913 1743 sed

236 1772 376 1817 potest
415 1771 591 1807 elective
631 1771 722 1807 dici.
775 1771 815 1807 Si
855 1771 965 1807 enim
1003 1771 1190 1807 dicamus
1230 1770 1514 1816 comparative
1549 1770 1744 1807 virtutem
1780 1771 1912 1817 magis

236 1837 389 1873 bonam
417 1845 515 1873 esse
542 1836 654 1877 vitio,
683 1838 848 1882 oportet
875 1846 970 1873 esse
992 1836 1135 1872 vitium
1157 1836 1292 1872 minus
1318 1836 1484 1877 bonum,
1513 1836 1553 1872 et
1574 1835 1631 1872 ita
1652 1845 1913 1882 quocumque

182 1912 216 1938 25
236 1902 359 1938 modo
388 1910 484 1938 esse
506 1903 670 1938 bonum.
724 1901 765 1938 Si
787 1911 888 1938 vero
910 1902 1087 1938 elective
1110 1901 1308 1942 dicamus,
1333 1901 1427 1938 talis
1449 1903 1514 1937 est
1534 1910 1695 1943 sensus,
1717 1902 1761 1937 ut
1782 1901 1912 1938 virtus

237 1967 289 2004 sit
315 1968 436 2008 bona,
464 1977 546 2004 non
574 1967 728 2004 vitium.
779 1967 935 2004 Electio
964 1967 1104 2012 itaque
1133 1967 1252 2003 alteri
1280 1976 1333 2003 ex
1361 1968 1447 2003 toto
1480 1966 1625 2008 aufert,
1655 1966 1913 2012 comparatio

236 2042 338 2070 vero
370 2033 534 2078 utrique
570 2033 765 2078 relinquit
801 2033 1010 2071 accidens.
1051 2033 1126 2069 sed
1166 2032 1237 2069 uni
1271 2032 1416 2078 magis,
1457 2032 1576 2068 alteri
1615 2031 1763 2073 minus,
1803 2032 1913 2078 quod

236 2098 542 2135 Aristoteles
582 2099 648 2135 hic
687 2100 872 2135 annotat.
936 2098 1029 2135 Non
1069 2108 1180 2143 eryo.
1243 2097 1614 2170 Quandoquide1ffiz
1635 2097 1913 2144 triangulatio,

237 2164 582 2210 quadrangulatio
609 2164 676 2201 vel
698 2164 874 2201 circulus
903 2174 987 2201 non
1015 2164 1246 2210 suscipiunt
1273 2164 1406 2210 magis
1434 2164 1501 2200 vel
1528 2173 1676 2205 minus,
1706 2173 1806 2209 ergo
1829 2173 1913 2200 non

182 2241 218 2267 so
237 2229 377 2265 omnia
403 2229 552 2274 qualia.
593 2229 632 2265 id
666 2230 729 2265 est
753 2227 844 2274 {non
882 2229 1022 2265 omnia
1057 2229 1223 2274 sumpta
1259 2238 1285 2265 a
1320 2228 1600 2274 qualitatibus.
1654 2228 1687 2264 A
1714 2228 1913 2274 partibus.

236 2293 284 2330 Et
310 2294 407 2331 inde
435 2294 622 2330 ordinem
655 2294 706 2330 de
741 2294 1054 2340 comparatione
1090 2294 1304 2330 nominum
1341 2293 1664 2340 significantium
1692 2293 1914 2339 qualitates

239 2369 319 2405 quo
347 2359 564 2405 processit.
591 2360 728 2405 posuit
753 2359 1005 2396 huiusmodi:
1034 2359 1203 2396 nomina
1223 2359 1469 2405 comparari,
1497 2359 1608 2405 quod
1629 2359 1812 2396 ostendit
1831 2368 1914 2395 non

239 2425 429 2461 omnibus
457 2425 697 2468 convenire,
733 2425 807 2462 sed
842 2425 1017 2470 sumptis
1044 2427 1215 2466 tantum,
1248 2435 1332 2461 non
1369 2425 1527 2461 scilicet
1562 2424 1914 2465 substantialibus,

239 2490 387 2527 iterum
414 2499 497 2526 non
525 2490 716 2527 omnibus
743 2490 928 2536 sumptis,
956 2492 1000 2526 ut
1026 2490 1232 2537 triangulo
1262 2491 1302 2527 et
1327 2490 1530 2535 quadrato
1557 2490 1625 2527 vel
1646 2490 1812 2531 circulo,
1840 2489 1915 2526 sed

184 2567 219 2593 35
240 2555 497 2601 quibusdam.
525 2556 651 2592 veluti
680 2565 796 2597 sano,
831 2555 951 2597 iusto,
986 2556 1269 2602 grammatico.
1322 2555 1404 2592 Sed
1441 2565 1551 2592 nunc
1587 2555 1752 2601 quidem
1788 2555 1840 2592 de
1875 2554 1915 2591 vi

239 2620 575 2667 comparationis,
598 2621 639 2657 in
655 2623 852 2667 quantum
875 2631 1110 2667 possumus,
1132 2621 1433 2667 perquiramus,
1450 2621 1559 2658 unde
1575 2620 1733 2657 scilicet
1747 2620 1917 2657 nomina

239 2686 498 2727 contrahant,
527 2686 638 2732 quod
674 2686 727 2723 ad
763 2687 1119 2732 comparationem
1157 2686 1339 2727 veniunt,
1374 2687 1440 2722 vel
1477 2695 1606 2732 quare
1643 2686 1775 2732 magis
1811 2685 1916 2722 haec

240 2761 363 2798 quam
391 2751 473 2788 alia
500 2753 806 2796 comparentur.
858 2750 1026 2788 Certum
1054 2753 1119 2787 est
1146 2752 1285 2788 autem
1320 2760 1448 2787 voces
1477 2750 1732 2796 qualitatum,
1759 2752 1916 2795 <quae>

382 2894 400 2925 3
429 2893 474 2925 de
502 2893 708 2925 nominibus
737 2892 847 2924 rebus
874 2892 1153 2932 suscipientium
1175 2900 1294 2924 rerum
1316 2900 1419 2923 suam
1441 2891 1696 2923 diffinitionem
1717 2899 1789 2923 non
1810 2899 1916 2931 prae-

240 2952 448 2986 dicenturA
553 2953 594 2984 15
622 2952 767 2993 longior
787 2952 820 2983 in
837 2952 954 2984 altera
970 2951 998 2983 A
1099 2951 1140 2983 16
1169 2948 1403 2992 Simpliciter]
1425 2949 1634 2983 similiterA
1736 2950 1777 2982 18
1793 2951 1916 2982 sunta-

242 3021 313 3053 que
333 3011 362 3044 A
393 3012 424 3044 si
451 3012 485 3044 in
516 3014 672 3052 utraque
703 3011 831 3043 Boelle.
874 3010 998 3043 Editio
1020 3011 1159 3043 omittit
1190 3011 1232 3048 si,
1260 3010 1327 3043 sed
1359 3011 1401 3042 ef.
1437 3010 1549 3042 Arist.
1579 3009 1703 3050 δαίσῃ.
1726 3018 1759 3051 p.
1784 3011 1852 3041 lla
1874 3009 1915 3042 12

240 3069 374 3110 (Waitz
389 3071 413 3109 Ι,
436 3080 469 3111 p.
488 3070 569 3110 110)
669 3071 707 3103 21
743 3068 949 3110 virtutibus]
970 3071 1122 3103 vocibus
1137 3070 1166 3103 A
1282 3071 1324 3103 27
1353 3067 1540 3109 accidens]
1556 3078 1654 3102 aeos.
1673 3069 1701 3100 A
1802 3069 1845 3101 35
1866 3064 1914 3110 vi]

241 3130 277 3163 in
302 3130 333 3163 A
360 3128 470 3171 nunc]
498 3138 565 3163 nee
591 3130 620 3163 A
721 3131 764 3163 38
793 3130 1009 3171 qualitatum
1035 3130 1127 3163 sube
1153 3129 1194 3162 A.
