2200 3387
127 585 147 614 f⁴
182 585 242 614 151·

111 2183 199 2217 Boot
208 2183 243 2217 Ιι.

104 2241 136 2273 p.
150 2230 220 2265 :325
232 2235 246 2252 ²·

112 2571 201 2604 novt
210 2571 244 2604 Ιι.

86 2628 124 2661 p.
135 2618 205 2652 32⁴5
222 2621 248 2642 ¹²

269 229 330 263 102
671 231 774 262 ron-1·
802 231 1004 262 .xl›;wl;1=·ds
1035 232 1164 270 Lnga-:1
1194 231 1517 270 ingredientibus:

265 328 420 363 seilicet
461 328 666 371 proprium
705 331 743 362 et
780 327 986 364 accidens.
1024 327 1179 372 speciei
1210 337 1308 363 vero
1337 327 1455 364 duae.
1493 327 1656 371 proprio
1689 336 1781 364 una.
1818 327 1922 362 acci—

265 392 374 428 denti
404 392 522 427 nulla.
576 391 651 427 l'bi
673 392 779 427 enim
803 392 981 427 omnium
1005 392 1264 428 differentiae
1292 393 1342 427 ad
1371 391 1564 427 accidens
1591 393 1684 427 sunt
1715 393 1921 431 ostensae.

265 457 317 492 ibi
340 457 565 492 accidentis
586 457 637 492 ad
660 457 807 492 omnia.
860 456 925 492 Sic
947 457 1087 501 iunge:
1111 456 1212 492 Dedi
1235 456 1372 501 plures
1395 456 1662 492 differentias,
1685 456 1758 491 sed
1781 465 1924 491 omnes

268 522 359 556 illae
387 524 480 556 sunt
507 521 673 565 generis
701 521 751 557 ad
779 521 869 556 alia.
922 521 962 556 Si
992 523 1127 556 autem
1159 527 1309 565 genus‘
1338 521 1540 556 habeatur
1568 521 1606 556 in
1635 521 1790 557 litera1.
1819 520 1926 556 infer

269 596 292 621 a
333 585 514 630 partibus
552 586 624 621 ita:
667 585 1008 630 Quandoquidem
1043 587 1254 621 ostensum
1293 587 1366 622 est.
1404 585 1442 620 in
1480 594 1559 629 quo
1596 594 1727 629 genus
1763 585 1962 621 differat⁵

272 660 273 687 l
298 659 320 684 a
349 649 581 685 differentia
609 652 649 684 et
677 649 817 694 speeie
852 652 891 684 et
925 649 1086 685 ceteris.
1124 658 1222 693 ergo
1252 650 1461 684 ostensum
1498 651 1560 684 est
1587 650 1627 684 in
1656 658 1735 693 quo
1763 648 1927 685 differat

268 715 318 749 ab
347 714 436 749 aliis
465 716 667 758 quattuor.
719 714 1097 756 ('011!2'n!1ilaarem
1129 713 1314 748 similiter
1334 714 1386 748 ab
1414 714 1515 748 aliis
1542 723 1566 748 a
1587 723 1644 750 se.
1672 714 1744 748 sed
1762 723 1929 758 semper

268 777 323 812 ita
339 780 433 812 sunt
449 777 690 813 naturaliter
706 777 858 821 viginti.
882 777 955 812 sed
973 786 1054 812 non
1076 778 1139 812 est
1160 786 1337 812 necesse
1359 786 1504 812 omnes
1526 777 1740 812 tractando
1763 787 1927 822 eompu-

269 845 367 878 tare.
396 842 468 877 sed
490 842 751 876 ‹vennam-atis
771 842 1081 885 posteram-itm<
1102 841 1356 878 differentiis,
1379 841 1416 877 id
1441 844 1504 877 est
1525 841 1768 877 differentiis
1791 851 1927 877 rerum

270 906 555 951 posteriorum.
601 916 707 950 quae
753 906 909 941 seilicet
944 908 1171 950 sequuntur
1208 908 1299 950 post
1334 916 1465 951 genus
1504 906 1629 942 veluti
1666 906 1926 942 differentiae
1951 913 1981 937 10

269 971 433 1015 speciei.
462 971 699 1006 accidentis.
728 973 762 1005 e!
790 971 996 1011 sec-andes,
1023 982 1033 997 ψ
1047 971 1085 1006 id
1113 973 1199 1010 est,=
1228 970 1472 1006 differentiis
1500 971 1710 1006 secundae
1742 971 1799 1006 rei
1836 973 1929 1015 post

268 1044 410 1079 genus.
439 1035 653 1078 saltet-atis
682 1044 767 1069 ana
798 1034 1035 1070 differentia
1064 1044 1087 1070 a
1116 1034 1351 1070 differentia
1385 1035 1532 1079 prioris
1566 1034 1636 1075 rei,
1671 1035 1827 1070 seilicet
1863 1044 1930 1081 ge-

269 1099 390 1135 neris,
407 1109 578 1143 quarum
595 1101 786 1143 quattuor
798 1098 997 1144 [generis]
1021 1101 1318 1144 computantur.
1336 1109 1415 1135 non
1433 1099 1720 1135 adscribuntur
1740 1099 1817 1135 nisi
1833 1101 1928 1135 tres.

270 1164 386 1204 Quod
415 1173 465 1199 eo
494 1164 644 1199 evenit.
667 1164 775 1208 quod
801 1164 884 1199 fam
915 1166 1086 1208 sumpta
1116 1166 1172 1199 es!
1207 1166 1246 1199 et
1274 1166 1444 1199 ostensa
1471 1174 1551 1199 una
1579 1165 1668 1199 eius
1697 1164 1931 1200 differentia

268 1229 319 1264 ad
347 1238 490 1274 genus.
525 1229 591 1264 ubi
626 1228 781 1264 seilicet
818 1228 992 1264 dabatur
1029 1228 1264 1264 differentia
1301 1229 1465 1274 generis
1501 1229 1552 1264 ad
1589 1238 1691 1264 eam.
1743 1228 1789 1264 Et
1817 1228 1983 1264 diffe-15

271 1294 412 1330 rentiis
441 1295 587 1333 tertiis.
625 1294 661 1329 id
697 1296 761 1329 est
794 1293 941 1329 tertiae
970 1294 1027 1329 rei
1063 1303 1168 1338 quae
1203 1296 1266 1329 est
1305 1294 1478 1338 species
1515 1294 1721 1338 superatis
1759 1303 1783 1329 a
1818 1293 1931 1329 diffe-

270 1359 412 1394 rentiis
434 1359 562 1403 ipsius
590 1359 756 1404 generis
778 1359 886 1402 quod
912 1358 1135 1403 praeeedit,
1167 1359 1332 1393 (laabas
1361 1359 1616 1396 differentiis.
1645 1359 1795 1404 quippe
1818 1361 1931 1404 quat—

269 1425 360 1458 tuor
395 1424 560 1468 generis
599 1425 888 1468 computantur
925 1426 964 1459 et
1001 1424 1105 1459 duae
1140 1425 1295 1459 tantum
1335 1423 1501 1468 speciei.
1555 1424 1740 1466 Quartis,
1776 1424 1932 1460 scilieet

270 1488 514 1524 differentiis
552 1491 723 1532 quartae
762 1488 830 1527 rei.
874 1489 952 1528 fids>
980 1490 1042 1524 est
1070 1488 1235 1533 proprii.
1277 1488 1483 1533 superatis
1512 1489 1657 1529 tribus,
1697 1488 1804 1532 quod
1841 1498 1931 1524 cum

269 1553 435 1597 generis
475 1556 668 1598 quattuor
708 1554 1005 1597 computantur.
1041 1553 1114 1588 sed
1152 1554 1301 1588 nullum
1343 1553 1580 1589 accidentis.
1641 1553 1754 1589 Bene
1794 1555 1931 1589 autem
1953 1562 1987 1586 ‘20

271 1618 420 1662 ubique
443 1618 700 1654 differentias
721 1618 932 1662 pluraliter
951 1618 1056 1654 dicit.
1085 1618 1180 1662 quia
1202 1617 1358 1654 scilieet
1380 1618 1543 1663 singula
1564 1620 1757 1662 quattuor
1778 1618 1933 1654 habent

271 1683 309 1718 in
339 1685 486 1718 natura
514 1682 782 1723 differentias,
811 1683 905 1718 licet
932 1683 971 1718 in
999 1683 1169 1727 singulis
1198 1693 1279 1718 non
1307 1683 1359 1718 sit
1386 1692 1562 1719 neeesse
1588 1693 1659 1718 eas
1682 1685 1932 1727 computare.

271 1748 410 1783 Genus
450 1748 575 1783 enim.
642 1747 749 1783 Vere
790 1750 984 1792 quattuor
1020 1750 1124 1784 sunt.
1165 1747 1260 1792 quia
1287 1750 1481 1792 quattuor
1506 1748 1684 1793 generis.
1747 1749 1778 1783 A
1805 1750 1932 1792 parte.

274 1813 546 1857 Relinquitur
583 1813 724 1855 initur.
796 1812 1137 1857 Quandoquidem
1179 1813 1328 1848 dictum
1375 1815 1448 1851 est,
1502 1813 1539 1848 in
1579 1823 1659 1858 quo
1700 1813 1934 1849 differentia

272 1877 407 1913 differt
435 1887 459 1913 a
486 1887 652 1922 genere.
682 1887 780 1923 ergo
803 1878 1045 1922 relinquitur
1066 1878 1301 1915 ostendere.
1325 1878 1365 1913 in
1387 1882 1515 1922 sque>
1538 1878 1702 1914 differat
1723 1888 1747 1913 a
1768 1877 1931 1914 ceteris.
1953 1888 1987 1913 25

272 1945 304 1978 A
333 1952 469 1978 eausa.
525 1943 746 1987 Reliquam
771 1945 828 1978 est
858 1943 1001 1986 imiter,
1029 1943 1065 1978 id
1089 1945 1151 1978 est
1172 1944 1301 1978 restat
1323 1943 1518 1978 similiter.
1570 1943 1603 1977 A
1632 1952 1769 1978 eausa.
1815 1943 1936 1978 Duae

275 2009 418 2051 fallar,
439 2008 535 2052 quia
555 2007 658 2043 istae
681 2008 786 2043 duae
809 2007 976 2044 scilicet.
999 2017 1098 2052 ergo
1121 2008 1237 2043 duae.
1274 2008 1307 2042 A
1328 2010 1457 2052 parte.
1503 2008 1609 2043 Nam
1635 2017 1728 2052 qao.
1762 2007 1935 2043 Reddidi

273 2076 500 2114 (oausam).
530 2082 656 2116 quare
685 2072 735 2107 de
765 2072 851 2107 istis
886 2074 1040 2107 tantum
1070 2074 1209 2109 restet,
1247 2072 1341 2116 quia
1379 2072 1534 2108 seilicet
1570 2073 1621 2107 de
1658 2072 1747 2108 aliis
1785 2072 1934 2108 dietum

273 2140 344 2174 est.
400 2139 612 2181 Quattuor
641 2137 781 2180 mitur.
835 2136 942 2172 Infer
968 2146 992 2172 a
1020 2137 1204 2181 partibus
1233 2137 1309 2172 sie:
1338 2136 1678 2181 Quandoquidem
1708 2138 1802 2172 sunt
1823 2138 1936 2181 quat-

273 2207 365 2239 tuor
392 2202 652 2238 differentiae
680 2202 847 2246 generis
876 2204 916 2237 et
943 2203 1028 2237 tres
1058 2202 1317 2237 differentiae
1345 2203 1432 2242 eto..
1461 2211 1560 2247 ergo
1589 2203 1683 2237 sunt
1711 2202 1866 2237 decem.
1956 2211 1990 2236 30

415 2268 649 2303 f'ammarze
688 2277 787 2310 erqo
820 2269 886 2302 est.
941 2267 1284 2311 Quandoquidem
1326 2267 1447 2303 datae
1489 2270 1582 2302 sunt
1621 2267 1937 2302 communitates

273 2337 313 2369 et
341 2333 599 2369 differentiae
627 2332 793 2377 generis
822 2332 873 2367 ad
901 2332 992 2368 alia.
1021 2341 1119 2377 ergo
1149 2332 1233 2378 [ad]
1261 2332 1433 2367 aliorum
1462 2332 1513 2367 ad
1541 2332 1622 2367 alia
1648 2333 1936 2367 monstremus·

273 2399 306 2434 A
333 2408 477 2444 causa..
500 2399 539 2433 et
561 2397 671 2442 prius
693 2397 964 2432 differentiae.
1005 2397 1251 2441 Aequaliter
1275 2397 1549 2441 participari,
1571 2396 1610 2432 id
1632 2398 1696 2433 est
1716 2405 1798 2432 non
1820 2406 1937 2441 prae-

273 2463 399 2499 dicari
439 2472 527 2498 oum
570 2462 700 2507 magis
741 2464 781 2497 et
819 2471 908 2497 eum
944 2462 1089 2499 minus,
1130 2462 1239 2506 quod
1276 2462 1315 2496 in
1353 2462 1572 2497 tractatu
1611 2460 1937 2497 differentiae

273 2528 545 2571 diligenter
574 2530 648 2562 est
676 2529 899 2571 apertum
915 2531 938 2562 ·-¹.
991 2528 1165 2570 Semper
1185 2527 1309 2561 enim.
1358 2526 1466 2562 Vere
1495 2526 1753 2562 differentiae
1781 2527 1821 2561 et
1848 2535 1938 2570 spe-
1957 2540 1991 2563 35

275 2593 360 2628 cies
388 2602 554 2637 semper
581 2601 625 2627 re
663 2594 935 2636 permanente
974 2591 1011 2627 ei
1049 2591 1313 2630 conveniunt.
1351 2591 1448 2635 quia
1483 2591 1540 2626 ita
1576 2592 1640 2626 est
1675 2591 1714 2626 in
1751 2591 1853 2626 istis.
1905 2591 1937 2625 A

276 2658 468 2702 partibus.
522 2657 749 2701 Propriam
792 2659 847 2691 est
888 2657 1161 2692 differentiae.
1214 2656 1369 2692 Dicitur
1408 2657 1599 2700 respectu
1639 2655 1806 2700 speciei,
1843 2655 1939 2700 quia

276 2721 434 2757 seilicet
455 2721 492 2756 ei
525 2720 720 2756 convenit
742 2722 781 2755 et
803 2730 883 2755 non
906 2720 1070 2764 speciei.
1125 2720 1230 2755 Nam
1261 2720 1337 2755 etsi
1365 2721 1503 2755 homo.
1556 2719 1597 2754 In
1620 2721 1736 2764 parte
1759 2719 1940 2755 ostendit

275 2786 546 2824 differentiae,
576 2785 683 2829 quod
710 2785 874 2829 species
903 2794 982 2820 non
1007 2785 1271 2828 praedicatur
1296 2784 1336 2819 in
1365 2784 1497 2828 quale,
1525 2784 1621 2828 quia
1648 2784 1781 2819 homo.
1834 2783 1939 2823 Quia

275 2849 517 2893 quibusdam
547 2848 708 2884 videtur
735 2848 842 2892 quod
872 2849 949 2883 hoe
976 2857 1140 2892 quoque
1169 2857 1319 2883 nomen
1355 2848 1393 2883 in
1431 2848 1550 2892 quale
1589 2847 1820 2892 praedicari
1856 2856 1938 2883 non
1959 2855 1993 2879 40

278 2914 449 2949 deberet
477 2913 568 2949 ideo
591 2913 696 2957 quod
724 2913 962 2957 qualitatem
986 2913 1041 2948 ita
1063 2912 1301 2957 simpliciter
1322 2912 1577 2957 significaret
1597 2913 1703 2948 sicut
1722 2912 1937 2950 rationale.

422 3019 461 3049 19
492 3018 676 3056 proprium
705 3018 729 3048 A
833 3018 875 3048 27
905 3018 1002 3049 reddi
1032 3017 1058 3048 A
1159 3018 1202 3048 37
1232 3017 1360 3048 Dicunt
1387 3017 1412 3049 A
1520 3018 1561 3047 38
1590 3017 1731 3048 ostendi
1759 3016 1787 3048 Α

422 3087 428 3107 ¹
459 3088 664 3119 Les-armena
695 3088 846 3119 Generis
876 3097 950 3119 ηοη
981 3089 1087 3119 uolat
1112 3087 1233 3119 editor
1262 3087 1416 3124 Boethii,
1445 3096 1477 3127 p.
1507 3086 1625 3119 317¹*ss

419 3148 432 3167 Ἀ
461 3147 511 3178 (Ὺ.
539 3155 658 3186 supra
688 3156 720 3186 p.
750 3147 803 3178 71.
