2200 3387
317 216 380 250 134
714 218 820 249 Peter
846 218 1049 249 Abaelards
1077 218 1211 258 Logica
1238 218 1562 259 ,lng1·edientibus‘.

315 324 433 358 (mam
465 316 610 358 postea
645 314 766 350 dabit.
801 314 1047 350 contrariam
1086 315 1125 349 et
1166 314 1296 350 illam
1337 314 1387 350 de
1423 316 1702 351 constitutivis
1735 316 1980 353 differentiis

315 389 435 423 quam
463 378 690 414 novissime
718 380 854 422 ponet.
884 378 992 422 quod
1029 378 1188 414 scilicet
1223 388 1509 424 quaecumque
1555 380 1707 416 fuerInt
1730 381 1975 425 praedicati,

317 447 435 479 erunt
463 443 586 478 etiam
615 443 799 478 subiecti.

458 507 570 543 Nune
598 510 737 542 autem
764 507 971 552 primam
1006 508 1332 548 consideremus,
1361 517 1467 553 quae
1495 509 1568 544 ait:
1615 510 1878 545 diversorum
1918 519 1983 553 ye-

323 582 469 608 m‘rum
495 575 568 608 etc.
621 572 708 608 Non
736 572 898 608 videtur
919 572 1027 608 idem
1055 582 1151 608 esse
1180 582 1274 610 ,non
1301 573 1398 617 poni
1426 574 1763 615 subalternatim,
1791 574 1900 619 quod
1921 575 1984 610 est
2003 587 2019 612 5

320 647 413 672 ,non
443 646 538 672 esse
566 637 828 673 subalterna:
856 637 1037 680 alioquin
1065 637 1302 672 irrationale
1330 637 1482 673 animal
1511 638 1552 673 et
1585 638 1703 683 bipes
1731 639 1799 674 vel
1834 637 1983 684 gressi-

315 702 394 737 bile
426 712 506 737 non
536 702 737 737 haberent
765 701 992 737 secundum
1020 702 1127 737 lianc
1154 702 1338 747 regulam
1368 702 1536 738 easdem
1566 703 1732 747 species
1768 704 1834 739 vel
1869 703 1984 739 diffe-

314 766 470 802 rentias
498 766 739 804 divisibiles,
768 766 818 802 de
847 766 994 811 quibus
1028 768 1167 802 tamen
1201 767 1375 805 constat.
1414 767 1522 811 quod
1557 777 1639 803 non
1677 768 1771 803 sunt
1805 767 1983 804 invicem

314 832 565 867 subalterna.
606 841 697 867 cum
737 831 888 866 nullum
928 841 1069 866 eorum
1108 831 1226 866 alteri
1261 833 1471 876 tamquam
1511 832 1676 876 species
1715 833 1982 877 supponatur-

315 896 445 932 Vocat
466 897 605 940 itaque
631 905 787 941 genera
815 906 895 931 non
925 896 1240 932 subalternatim
1268 896 1414 941 posita,
1443 906 1616 941 quorum
1644 898 1834 933 neutrum
1870 897 1981 934 nullo
2004 910 2037 935 10

316 960 436 995 modo
466 960 818 1005 praedicationem
847 960 1017 995 alterius
1046 960 1201 1004 recipit.
1235 960 1275 995 id
1309 961 1374 995 est
1406 970 1513 1004 quae
1547 962 1641 996 sunt
1678 961 1845 996 omnino
1881 970 1906 996 a
1937 970 1983 997 se

318 1028 487 1061 remota.
510 1024 610 1060 Cum
633 1024 772 1068 itaque
786 1024 1073 1069 praemisisset
1089 1024 1359 1063 ,diversorum
1382 1030 1603 1070 generum,
1625 1035 1677 1062 ne
1700 1026 1982 1062 diversitatem

315 1090 659 1134 qualemcumque
687 1087 983 1132 acciperemus
1011 1088 1107 1132 quia
1134 1088 1418 1124 insubalterna
1445 1099 1603 1134 genera
1627 1089 1795 1125 diversa
1821 1090 1916 1125 sunt
1942 1089 1983 1125 in

320 1153 637 1199 significatione,
667 1153 740 1188 sed
768 1162 850 1187 non
879 1152 1081 1197 opposita,
1109 1152 1239 1188 addit:
1277 1155 1329 1192 ,et
1365 1163 1447 1189 non
1481 1154 1794 1190 subalternatim
1830 1154 1983 1199 posito-

320 1227 431 1255 rum:
459 1228 507 1254 ac
535 1218 569 1252 si
597 1217 769 1253 diceret:
799 1217 1117 1262 oppositorum&
2004 1233 2036 1258 15

463 1283 580 1322 Quod
597 1282 653 1318 ait
677 1281 948 1318 ,differentiae
971 1282 1198 1317 secundum
1214 1282 1420 1326 speciem,
1437 1282 1653 1319 diversis
1674 1283 1830 1319 modis
1850 1283 1982 1328 accipi

316 1351 463 1393 potest.
486 1348 563 1384 vel
589 1347 644 1383 ita
664 1347 832 1384 seilicet.
861 1347 970 1391 quod
993 1347 1221 1382 secundum
1242 1347 1425 1391 speciem
1448 1347 1694 1383 determinet
1715 1347 1981 1388 differentias,

319 1423 367 1448 ac
389 1412 422 1447 si
444 1412 617 1447 diceret:
640 1411 911 1447 differentiae.
935 1420 1041 1455 quae
1064 1412 1159 1446 sunt
1180 1411 1407 1447 secundum
1429 1412 1622 1456 speciem,
1644 1411 1683 1447 id
1705 1413 1769 1447 est
1788 1412 1983 1448 constitu-

315 1478 425 1513 tivae
460 1477 704 1521 specierum.
755 1476 802 1511 Et
829 1477 925 1511 tunc
952 1485 1034 1511 non
1061 1475 1354 1517 necessarium,
1382 1477 1424 1512 ut
1451 1476 1692 1521 suppleatur
1719 1476 1981 1517 ‚divisibiles‘,

317 1542 411 1587 quia
441 1551 546 1586 quae
575 1540 869 1577 constitutivae
898 1542 993 1576 sunt
1016 1540 1181 1585 proprie
1203 1540 1446 1585 specierum,
1469 1541 1641 1577 eaedem
1663 1542 1758 1576 sunt
1779 1541 1981 1577 divisivae
2002 1556 2036 1581 ρο

323 1616 533 1653 generum.
584 1606 723 1641 Potest
751 1605 900 1641 aliter
921 1605 1051 1650 accipi
1080 1606 1318 1643 ,secundum
1340 1605 1545 1650 speciem,
1573 1606 1651 1641 hoc
1679 1607 1743 1642 est
1769 1606 1821 1642 ad
1848 1606 1983 1641 simili-

315 1672 497 1707 tudinem
514 1671 758 1716 specierum,
775 1671 818 1706 ut
833 1670 1027 1706 videlicet
1040 1670 1385 1714 quemadmodum
1408 1670 1572 1715 species
1593 1680 1676 1706 non
1689 1671 1784 1707 sunt
1796 1671 1981 1713 eaedem,

318 1737 374 1772 ita
402 1746 478 1772 nec
507 1735 778 1773 differentiae,
807 1735 964 1770 scilicet
990 1735 1293 1770 constitutivae.

458 1801 575 1841 Quod
603 1802 742 1836 autem
769 1800 826 1836 ait
860 1799 1064 1836 ,diversae
1099 1801 1215 1841 sunt‘,
1250 1800 1444 1845 negative
1478 1800 1631 1845 accipe,
1668 1801 1746 1836 hoc
1782 1802 1861 1837 est:
1898 1810 1981 1837 non

316 1869 409 1903 sunt
437 1866 650 1907 eaedem1;
692 1875 773 1900 non
812 1865 919 1901 enim
957 1864 1215 1900 differentias
1254 1874 1350 1901 esse
1387 1865 1651 1901 concedimus
1685 1865 1725 1901 in
1759 1866 1979 1910 speciebus
2002 1878 2035 1903 25

316 1941 465 1967 novem
505 1931 948 1975 praedicamentorum.
1011 1929 1235 1966 Praeterea
1279 1939 1369 1965 cum
1409 1930 1467 1965 ait
1505 1930 1694 1966 diversas
1734 1940 1830 1966 esse
1869 1930 1982 1966 diffe-

316 1996 483 2032 rentias.
512 1995 544 2030 si
572 1995 822 2030 affirmative
850 1996 1043 2034 sumeret,
1072 1996 1115 2030 ut
1141 1994 1334 2030 videlicet
1360 1994 1531 2040 singulis
1553 1995 1775 2040 generibus
1802 2005 1885 2031 non
1912 2005 1982 2040 po-

320 2061 408 2097 sitis
449 2060 761 2096 subalternatim
803 2059 964 2103 aliquas
1003 2059 1265 2103 relinqueret,
1312 2068 1395 2094 non
1434 2059 1593 2095 valeret
1630 2044 1818 2104 probatio
1859 2068 1981 2104 quam

316 2124 520 2169 supponit,
549 2133 639 2159 cum
666 2123 859 2159 videlicet
886 2122 1068 2159 ostendit
1095 2122 1246 2158 animal
1280 2124 1320 2158 et
1346 2122 1562 2158 scientiam
1598 2123 1754 2158 habere
1791 2122 1980 2159 diversas

316 2188 574 2224 differentias
602 2197 677 2232 per
703 2187 782 2222 hoc
809 2186 919 2231 quod
945 2187 1039 2222 illae
1062 2196 1168 2231 quae
1197 2187 1291 2222 sunt
1318 2186 1518 2227 animalis,
1545 2196 1629 2222 non
1651 2187 1745 2222 sunt
1766 2186 1978 2222 scientiae.
1999 2201 2033 2227 30

317 2253 383 2289 Sic
410 2263 589 2297 namque
617 2254 760 2297 posset
787 2252 962 2291 ostendi,
991 2252 1099 2296 quod
1127 2261 1205 2296 ego
1234 2253 1274 2287 et
1306 2261 1382 2287 rex
1410 2251 1599 2287 diversas
1635 2251 1824 2287 civitates
1858 2252 1982 2287 habe-

318 2327 466 2354 remus,
495 2316 590 2361 quia
618 2316 775 2352 scilicet
802 2315 892 2351 illas
921 2324 1024 2360 quas
1052 2324 1128 2350 rex
1154 2315 1290 2355 habet,
1319 2324 1396 2360 ego
1424 2324 1507 2350 non
1535 2315 1683 2350 habeo.

457 2381 580 2416 Nota
608 2389 661 2415 ex
688 2380 766 2415 hoc
793 2380 884 2415 loco
913 2379 1026 2414 illos
1063 2378 1267 2414 confutari
1303 2379 1383 2423 qui
1420 2379 1588 2414 dicunt
1625 2378 1828 2414 rationale
1868 2378 1981 2415 diffe-

316 2446 491 2482 rentiam
520 2445 682 2481 animae
711 2444 830 2480 simul
859 2445 899 2479 et
925 2444 1101 2479 hominis
1130 2452 1237 2484 esse,
1271 2453 1362 2479 cum
1389 2443 1583 2479 videlicet
1609 2444 1731 2479 homo
1768 2444 1808 2479 et
1843 2443 1982 2479 anima

317 2510 501 2555 corporis
531 2512 571 2546 et
598 2509 765 2554 spiritus
794 2509 876 2545 sint
903 2509 1078 2553 species.
1131 2508 1215 2544 Iam
1242 2508 1351 2544 enim
1379 2517 1536 2553 genera
1561 2518 1644 2544 non
1666 2508 1980 2544 subalternatim
1999 2525 2034 2549 35

319 2576 451 2620 posita
479 2575 647 2610 easdem
677 2575 881 2609 haberent
916 2573 1173 2609 differentias
1209 2573 1419 2608 divisivas.
1472 2572 1553 2609 Sed
1588 2572 1774 2617 profecto
1811 2572 1980 2609 alterius

319 2639 633 2685 significationis
663 2640 727 2674 est
759 2639 963 2674 rationale
998 2638 1037 2689 in
1071 2637 1248 2675 homine.
1286 2637 1454 2673 alterius
1492 2637 1532 2673 in
1569 2637 1717 2673 anima.
1769 2636 1836 2673 Sic
1871 2637 1980 2673 enim

317 2705 456 2741 anima
483 2704 630 2739 dicitur
656 2703 881 2743 rationalis,
909 2705 952 2738 ut
978 2702 1110 2747 possit
1138 2702 1389 2743 discernere,
1426 2702 1485 2738 sic
1520 2703 1643 2738 homo
1676 2701 1902 2742 rationalis,
1937 2702 1982 2737 ut

319 2768 563 2803 rationalem
591 2767 769 2802 animam
798 2767 959 2802 habeat.
996 2769 1167 2810 <quam>
1203 2776 1286 2801 non
1322 2767 1479 2801 tantum
1514 2766 1708 2806 habitum,
1745 2765 1820 2801 sed
1855 2765 1981 2810 quali-

318 2834 444 2868 tatem
471 2831 743 2876 intelligimus,
780 2830 963 2874 alioquin
1001 2829 1235 2865 differentia
1270 2839 1353 2865 non
1391 2831 1513 2869 esset,
1552 2829 1585 2864 si
1620 2829 1859 2873 qualitatem
1896 2838 1978 2865 non
1998 2841 2032 2866 40

319 2897 567 2941 designaret.
620 2895 685 2931 Sic
713 2904 876 2940 quoque
910 2896 951 2930 et
982 2895 1294 2940 grammaticum
1329 2903 1479 2929 nomen
1516 2894 1680 2929 animae
1717 2894 1757 2929 et
1793 2892 1979 2938 corporis

461 3018 502 3049 19
530 3018 772 3057 suppleantur
797 3017 825 3048 A

461 3087 469 3109 1
501 3088 552 3120 Cf.
580 3095 701 3128 supra
728 3088 768 3120 in
797 3087 941 3119 Glossz's
967 3095 1082 3126 super
1108 3086 1257 3126 Porph„
1286 3095 1319 3126 p.
1349 3086 1390 3118 87
1405 3084 1446 3118 3⁹.
