2200 3387
307 260 372 293 175
706 256 811 291 Peter
838 257 1042 292 Abaelards
1069 260 1205 301 Logica
1231 257 1556 300 ,lngredientibus‘.

305 358 399 401 quia
428 366 622 392 numerus
649 366 731 392 non
760 358 824 392 est
850 356 1081 394 continuus.
1120 366 1173 392 ex
1210 355 1442 400 praemisso
1479 356 1724 401 argumento
1761 356 1967 392 concludit

304 423 354 457 ab
384 422 641 458 immediatis.
670 421 778 466 quod
807 421 859 456 sit
885 421 1100 457 discretus.

445 485 720 521 Notandum
761 495 897 522 vero.
939 485 1048 529 quod
1085 484 1190 520 sicut
1223 484 1405 520 ostendit
1441 483 1655 519 denarium
1691 494 1774 520 non
1811 484 1966 520 habere

305 553 445 596 partes
468 551 682 595 copulatas
704 550 755 586 ad
784 559 1043 586 communem
1071 549 1301 587 terminum,
1327 548 1438 584 facta
1466 548 1624 584 scilicet
1651 549 1739 584 eius
1762 549 1967 585 divisione

304 624 379 659 per
418 615 520 650 duas
562 616 701 659 partes
743 622 850 658 quae
891 623 983 649 eum
1024 612 1280 648 sufficienter
1319 612 1515 653 dividunt,
1554 612 1611 648 ita
1649 612 1772 648 etiam
1805 612 2004 648 videtui-5

305 689 429 724 posse
458 679 621 715 ostendi
649 679 699 714 de
728 678 911 723 quolibet
939 678 1146 717 continuo,
1173 677 1283 712 facta
1310 676 1467 712 scilicet
1488 677 1691 712 divisione
1713 676 1968 713 sufficienter

304 754 378 789 per
418 745 520 780 duas
558 746 709 789 partes.
763 742 803 778 Si
843 743 950 778 enim
991 744 1119 778 totum
1159 742 1211 777 sit
1250 741 1381 777 oratio
1421 742 1767 786 comprehensum
1807 742 1966 778 duabus

303 809 500 853 partibus„
522 808 616 853 quid
638 808 801 843 tertium
822 807 964 847 restat,
988 806 1095 850 quod
1118 815 1191 841 eas
1212 807 1353 850 partes
1375 804 1615 840 continuet?
1666 805 1801 841 Veluti
1820 806 1855 841 si
1875 806 1966 851 quis

304 874 590 919 tripunctalem
618 873 768 908 lineam
797 871 952 907 dividat
987 871 1027 906 in
1064 870 1342 915 bipunctalem
1378 870 1531 906 lineam
1568 871 1608 906 et
1643 872 1850 915 punctum,
1884 880 1966 907 non

301 939 485 975 inveniet
512 939 618 973 inter
638 938 712 973 has
735 938 875 981 partes
897 945 1155 972 communem
1178 936 1413 976 terminum,⁴
1428 936 1542 977 <vel>
1564 936 1598 971 si
1619 936 1780 980 tempus
1803 945 1967 981 compo·
1988 943 2020 968 10

303 1005 423 1040 situm
447 1013 499 1039 ex
521 1003 648 1038 tribus
670 1001 919 1037 instantibus
941 1001 1096 1036 dividat
1110 1000 1151 1036 in
1171 1000 1439 1045 praeteritum
1464 1000 1624 1036 instans
1645 1002 1686 1036 et
1704 1001 1745 1036 in
1766 1001 1967 1046 reliquam

303 1071 463 1114 partem
491 1077 544 1103 ex
572 1067 733 1103 duobus
761 1066 851 1102 aliis
880 1065 1126 1101 instantibus
1161 1066 1434 1106 constantem,
1470 1075 1553 1101 non
1588 1066 1757 1101 habebit
1788 1066 1966 1102 medium

303 1133 521 1169 terminum
562 1132 670 1167 inter
708 1131 978 1176 praeteritum
1016 1130 1188 1171 instans,
1233 1131 1391 1175 <quod>
1430 1140 1513 1166 non
1551 1131 1855 1166 continuabitur
1892 1140 1967 1176 per

302 1198 480 1234 medium
509 1197 727 1233 terminum
755 1196 807 1231 ad
835 1195 1107 1240 compositum
1128 1195 1329 1239 reliquum
1351 1196 1523 1240 tempus.
1544 1196 1619 1231 sed
1640 1197 1777 1231 tamen
1798 1196 1967 1232 habebit

304 1262 610 1308 copulationem
638 1262 689 1297 ad
719 1261 899 1305 aliquam
928 1261 1088 1305 partem
1115 1270 1190 1305 per
1222 1260 1402 1296 medium
1435 1260 1666 1301 terminum,
1702 1261 1781 1297 hoc
1817 1262 1882 1297 est
1914 1261 1966 1297 ad
1989 1267 2019 1292 15

302 1328 480 1364 futurum
508 1327 681 1368 instans,
711 1326 821 1370 quod
849 1327 914 1361 est
940 1327 1130 1361 extrema
1156 1335 1262 1370 pars
1298 1335 1373 1370 per
1399 1335 1600 1370 praesens
1627 1326 1735 1370 quod
1762 1325 1802 1361 in
1830 1326 1964 1362 medio

307 1396 381 1430 est.
433 1393 517 1429 Nec
544 1392 646 1428 dixit
671 1391 996 1427 Aristoteles:
1035 1390 1277 1435 ‚quinarium
1305 1391 1357 1426 ad
1384 1390 1508 1426 alium
1535 1390 1764 1435 quinarium
1792 1400 1874 1427 non
1902 1393 1966 1427 est

301 1457 532 1494 continuari
554 1466 628 1501 per
649 1455 828 1491 medium
850 1455 1092 1495 terminum‘,
1114 1454 1188 1490 sed
1209 1454 1376 1490 omnino
1398 1454 1567 1500 negavit
1588 1455 1819 1499 quinarium
1839 1455 1966 1491 conti-

302 1522 421 1558 nuari
449 1522 500 1557 ad
529 1522 690 1566 partem
726 1520 904 1564 aliquam
942 1519 1111 1560 denarii,
1149 1529 1227 1555 nec
1262 1519 1418 1555 scilicet
1453 1520 1504 1555 ad
1541 1519 1765 1556 ternarium
1800 1529 1878 1555 nec
1913 1520 1965 1556 ad

301 1588 424 1624 alium
459 1595 675 1622 numerum
713 1585 779 1620 vel
811 1585 864 1620 ad
898 1584 1076 1629 aliquam
1112 1586 1273 1629 partem
1309 1584 1479 1620 numeri.
1536 1585 1746 1621 Similiter
1780 1585 1963 1630 quidem.
1985 1592 2019 1618 20

304 1653 378 1688 Hic
405 1651 566 1696 repetit,
594 1652 637 1686 ut
663 1651 822 1695 probet.
872 1649 920 1685 Et
953 1650 1033 1685 duo
1067 1649 1233 1694 quidem
1270 1650 1321 1686 de
1359 1650 1546 1685 oratione
1583 1650 1771 1692 ostendit,
1808 1650 1966 1686 scilicet

303 1717 413 1762 quod
442 1718 482 1752 et
518 1715 727 1760 quantitas
765 1714 819 1750 sit
853 1716 894 1750 et
929 1714 1039 1759 quod
1077 1715 1267 1750 discreta.
1321 1715 1469 1750 Oratio
1506 1717 1563 1750 est
1599 1715 1890 1758 discretorum,
1924 1714 1965 1751 id

301 1782 364 1817 est
392 1782 442 1817 de
470 1789 642 1816 numero
670 1780 941 1815 discretarum
969 1779 1254 1823 quantitatum.
1307 1778 1576 1819 Quaeritur
1603 1779 1768 1821 etenim,
1795 1780 1892 1825 quid
1912 1780 1965 1816 ad

300 1856 388 1883 rem
416 1846 572 1882 diceret
599 1845 746 1889 aliquis
773 1845 823 1880 de
851 1844 1051 1885 oratione,
1079 1854 1169 1880 cum
1198 1854 1280 1880 non
1303 1844 1355 1880 sit
1375 1844 1598 1889 quantitas,
1625 1845 1699 1881 sed
1720 1845 1855 1890 potius
1873 1846 1965 1881 sub—

301 1911 464 1952 stantia,
494 1910 723 1946 secundum
748 1910 827 1945 hoc
854 1909 963 1954 quod
998 1909 1131 1944 omnis
1165 1919 1248 1944 vox
1283 1910 1346 1945 est
1378 1910 1462 1945 aer.
1513 1909 1575 1945 Ad
1611 1910 1690 1945 hoc
1725 1910 1962 1955 respondet,
1984 1919 2017 1944 25

300 1986 349 2012 ac
376 1976 410 2012 si
438 1976 610 2011 diceret:
638 1975 752 2010 Bene
780 1974 833 2010 ad
859 1984 958 2014 rem,
987 1974 1083 2018 quia
1109 1975 1150 2009 et
1176 1974 1267 2018 ipsa
1295 1976 1359 2010 est
1392 1975 1611 2018 quantitas.
1662 1975 1697 2010 A
1726 1984 1865 2011 causa.
1916 1974 1964 2011 Et

300 2042 379 2077 hoc
407 2042 471 2077 est
498 2040 761 2076 manifestum
788 2040 897 2075 bene
925 2039 1260 2084 intelligentibus,
1289 2039 1398 2083 quod
1431 2039 1555 2075 etiam
1592 2039 1724 2075 oratio
1753 2039 1962 2084 quantitas

301 2108 376 2142 est.
429 2105 548 2145 Quod
576 2104 757 2140 ostendit
784 2113 858 2148 per
884 2105 1025 2148 partes
1047 2103 1189 2148 ipsius,
1217 2104 1444 2139 secundum
1466 2113 1569 2148 quas
1592 2104 1778 2148 syllabae
1800 2114 1963 2141 mensu-

299 2171 452 2209 rantur,
480 2169 519 2204 id
547 2170 610 2204 est
637 2169 758 2204 aeres
787 2167 876 2212 ipsi,
905 2167 1052 2212 quibus
1080 2167 1269 2211 syllabici
1294 2168 1463 2203 tenores
1491 2167 1693 2209 adiacent,
1721 2169 1846 2213 atque
1867 2169 1961 2205 ideo

300 2234 379 2279 ipsi
406 2233 595 2278 syllabici
621 2234 789 2268 tenores
818 2232 968 2278 singuli
994 2234 1089 2268 sunt
1116 2232 1335 2277 quantitas.
1386 2232 1504 2268 Unde
1533 2234 1573 2268 et
1600 2232 1745 2274 oratio,
1773 2243 1880 2278 quae
1909 2243 1961 2270 ex
1982 2242 2016 2267 30

301 2299 359 2335 eis
386 2298 656 2343 componitur,
684 2297 892 2342 quantitas
922 2298 994 2333 est.
1045 2297 1079 2332 A
1106 2306 1234 2333 causa
1260 2297 1327 2332 vel
1353 2307 1378 2332 a
1398 2297 1584 2342 partibus
1606 2298 1834 2334 secundum
1854 2298 1962 2334 hanc
2002 2331 2020 2340 ,

299 2364 501 2409 regulam:
541 2362 792 2406 Cuicumque
827 2361 1145 2407 generaliSsimo
1185 2361 1372 2407 singulae
1408 2363 1549 2406 partes
1586 2364 1883 2407 supponuntur,
1920 2364 1962 2399 et

298 2430 427 2465 totum
455 2427 564 2472 quod
597 2430 699 2469 <ex>
735 2427 796 2462 eis
830 2427 1002 2462 constat.
1055 2426 1154 2462 Cum
1190 2427 1329 2462 autem
1366 2427 1540 2462 deberet
1578 2428 1803 2463 ostendere
1840 2427 1961 2472 sylla-

299 2493 414 2529 bicos
441 2494 609 2528 tenores
637 2501 733 2527 esse
762 2491 1026 2535 quantitates,
1062 2491 1102 2527 id
1139 2492 1203 2527 est
1240 2501 1470 2533 mensuras,
1510 2492 1627 2536 ponit
1662 2492 1960 2537 aequipollens,

300 2557 409 2601 quod
437 2556 608 2592 scillicet
636 2556 797 2600 syllaba
823 2555 963 2591 brevis
990 2555 1057 2591 vel
1083 2555 1208 2600 longa
1235 2555 1462 2591 secundum
1490 2557 1678 2600 tempora
1702 2565 1778 2592 sua
1797 2565 1961 2593 mensu·
1980 2565 2015 2589 35

300 2623 424 2661 ratur,
451 2630 526 2665 per
552 2622 693 2665 partes
731 2620 888 2655 scilicet
925 2619 1137 2659 orationis,
1176 2621 1217 2655 et
1252 2621 1317 2655 est
1352 2620 1512 2664 syllaba
1547 2630 1699 2657 nomen
1735 2621 1856 2662 a'eris,
1893 2622 1962 2666 qui

299 2686 541 2730 syllabicum
574 2686 762 2720 tenorem
795 2685 920 2720 habet
953 2684 1022 2729 qui
1054 2686 1326 2720 mensuratur.
1378 2685 1481 2720 Dico
1514 2687 1669 2721 autem.
1721 2684 1825 2726 Quia
1851 2687 1960 2730 apud

301 2752 496 2794 Graecos,
524 2752 567 2786 ut
593 2751 649 2786 ait
675 2750 951 2791 Boethius1,
978 2750 1096 2795 logos
1124 2750 1240 2785 cuius
1267 2750 1358 2785 loco
1386 2750 1495 2794 apud
1521 2759 1597 2786 nos
1624 2750 1789 2795 ponitur
1815 2750 1959 2792 oratio,

300 2816 503 2861 duplicem
530 2816 656 2851 habet
682 2815 1040 2860 significationem,
1067 2815 1119 2850 ad
1140 2815 1393 2850 intellectum
1416 2815 1572 2851 scilicet
1593 2816 1633 2852 et
1654 2816 1706 2851 ad
1728 2815 1960 2851 orationem

441 2942 459 2972 2
499 2939 608 2980 quod]
647 2941 707 2981 qui
739 2940 768 2972 A
893 2941 911 2971 9
947 2939 1208 2980 bipunctalem]
1245 2940 1500 2980 tripunctalem
1534 2939 1566 2971 A
1689 2940 1731 2972 10
1757 2940 1895 2972 inveni-
1927 2940 1958 2972 A

299 3008 525 3032 communem
547 2997 754 3038 terminum]
775 3000 1052 3030 communentur
1074 2998 1104 3029 A
1196 2999 1237 3030 16
1260 2999 1357 3038 quod
1369 2997 1398 3039 2]
1420 3007 1491 3038 quo
1511 2998 1540 3031 A
1617 2999 1659 3031 20
1680 2996 1754 3038 vel]
1780 2999 1913 3031 ibidem
1927 2999 1957 3031 A

300 3058 342 3090 23
370 3056 577 3097 Quaeritur]
606 3058 692 3097 quia
716 3058 745 3090 A
845 3058 886 3089 33
915 3057 1049 3089 debent
1074 3057 1102 3089 A

442 3128 451 3149 1
480 3129 628 3160 Boeth.
658 3129 679 3160 I.
707 3138 746 3165 e..
775 3137 808 3168 p.
837 3129 903 3160 204
930 3128 958 3160 A

584 3249 615 3272 ,ἢ
