2200 3387
289 195 308 233 i-‘ae

708 202 813 233 Peter
838 201 1042 233 Abaelards
1071 200 1205 242 Logica
1232 198 1553 242 ,ingredientibus·.

434 298 491 333 lle
536 307 615 342 qua
659 298 780 333 etiam
824 298 902 333 hac
944 298 1104 333 ratione
1141 298 1416 343 conscriptam
1454 308 1550 334 esse
1590 299 1796 335 meminit¹
1830 300 1954 344 atque

291 373 381 398 eam
411 363 461 398 ad
497 365 632 398 certas
673 363 1076 407 argumentationum
1115 363 1279 407 regulas
1312 363 1524 399 reductam
1561 373 1668 404 esse,
1703 373 1754 399 ne
1788 363 1955 399 nimium

292 438 421 473 vagos
454 427 568 463 falsis
606 427 962 472 complexionibus
995 427 1035 463 in
1075 436 1257 463 errorem
1299 428 1520 472 pertrahat,
1561 437 1651 464 cum
1689 428 1727 464 id
1767 429 1876 473 quod
1914 428 1955 464 in

292 503 426 528 rerum
457 495 605 528 natura
631 502 713 527 non
737 492 954 530 invenitur.
983 492 1212 528 rationibus
1241 493 1327 528 suis
1349 493 1540 528 videatur
1560 495 1746 529 astruere
1768 495 1808 529 et
1828 503 1956 538 saepe

291 558 499 593 contraria
516 558 554 592 in
577 558 882 593 conditionibus
904 558 987 593 suis
1007 558 1202 603 colligere
1220 558 1299 593 hoc
1312 559 1453 593 modo:
1488 557 1695 599 ‚Socrates
1717 559 1781 593 est
1795 567 1956 603 corpus,

291 633 442 667 corpus
479 625 616 658 autem
655 623 803 660 album.
845 632 973 667 quare
1008 622 1203 658 Socrates
1239 625 1303 658 est
1335 623 1474 658 albus·
1528 623 1703 661 Rursus:
1752 622 1956 662 ,Socrates

295 691 355 723 est
383 697 546 732 corpus,
574 697 724 732 corpus
753 689 889 723 autem
920 688 1091 733 nigrum.
1121 697 1249 732 quare
1278 687 1473 724 Socrates
1501 690 1565 724 est
1591 688 1729 734 niger:

434 753 474 788 ln
503 753 722 788 scribendo
745 755 882 788 autem
905 753 1079 798 logicam
1103 753 1167 789 hic
1190 753 1291 789 ordo
1313 753 1578 789 necessarius
1600 755 1674 793 est,
1702 756 1744 789 ut
1764 753 1957 798 quoniam

297 818 683 863 argumentationes
731 828 782 853 ex
826 819 1180 863 propositionibus
1227 818 1459 863 iunguntur,
1506 818 1812 863 propositiones
1857 821 1958 861 <ex>

291 883 550 920 dictionibus,
579 892 671 918 eum
700 883 767 927 qui
795 883 969 928 logIcam
1004 883 1188 928 perfecte
1223 883 1376 924 scribit,
1411 883 1583 928 primum
1622 884 1672 920 de
1705 884 1957 929 simplicibus

291 948 564 986 sermonibus,
593 948 742 983 deinde
771 948 821 983 de
843 948 1194 992 propositionibus
1216 957 1393 984 necesse
1415 950 1479 984 est
1500 948 1695 989 scribere,
1722 949 1888 984 tandem
1916 948 1957 984 in

292 1013 720 1058 argumentationibus
759 1013 885 1048 finem
926 1013 1085 1058 logicae
1132 1023 1435 1054 consummare,
1483 1013 1589 1049 sicut
1631 1015 1671 1049 ct
1716 1014 1957 1059 princeps

291 1080 464 1113 noster
502 1078 812 1113 Aristoteles
862 1078 969 1119 fecit,
1010 1078 1078 1122 qui
1118 1078 1167 1113 ad
1216 1088 1453 1114 sermonum
1495 1078 1725 1114 doctrinam
1760 1078 1958 1115 Praedi-

290 1145 519 1178 camenta
546 1143 795 1187 perscripsit.
830 1143 881 1178 ad
909 1143 1239 1187 propositionum
1267 1143 1377 1178 Peri
1410 1144 1715 1183 ermeneias,
1755 1144 1806 1180 ad
1841 1153 1958 1189 argu-

290 1208 588 1243 mentationum
615 1207 803 1252 Topica
830 1209 870 1243 et
897 1207 1173 1252 Analytica.

433 1272 512 1307 Iste
540 1274 677 1308 autem
706 1272 1014 1317 Porphyrius
1041 1273 1148 1308 sicut
1174 1273 1265 1317 ipsa
1300 1273 1513 1318 inscriptio
1546 1273 1650 1309 tituli
1684 1273 1816 1313 docet.
1852 1274 1959 1309 hanc

293 1337 639 1373 introductionem
678 1338 729 1373 ad
770 1337 1187 1374 Praedicamenta
1213 1338 1512 1374 Aristotelis
1545 1339 1808 1388 praeparata
1836 1347 1959 1383 quam

290 1404 427 1438 tamen
444 1403 533 1447 ipse
550 1403 602 1438 ad
618 1404 744 1438 totam
762 1404 893 1438 artem
910 1403 1191 1439 necessariam
1208 1403 1418 1448 posterius
1434 1404 1702 1439 demonstrat.
1748 1402 1872 1439 Cuius
1893 1403 1960 1439 in—

291 1468 469 1508 tentio,
498 1468 723 1507 materia,
753 1469 925 1503 modus
948 1468 1220 1509 tractandi,
1248 1468 1445 1504 utilitas
1468 1470 1537 1505 aut
1558 1469 1635 1504 cui
1657 1469 1959 1504 dialecticae

291 1532 420 1577 parti
447 1535 760 1577 supponatur
786 1543 989 1578 praesens
1026 1533 1212 1572 scientia.
1246 1534 1430 1569 breviter
1457 1534 1732 1579 distinguatur
1758 1534 1985 1569 subtilius.¹

432 1597 503 1633 Est
529 1600 667 1633 autem
703 1598 920 1634 intentio
952 1599 1151 1634 lectorem
1188 1599 1413 1644 praecipue
1451 1599 1502 1634 ad
1540 1599 1959 1635 Praedicamenta

291 1663 587 1698 Aristotelis
624 1663 841 1703 instruere,
881 1666 924 1699 ut
957 1663 1118 1699 facilius
1160 1673 1211 1699 ea
1253 1673 1360 1708 quae
1394 1664 1449 1699 ibi
1471 1666 1713 1700 -traetantur
1745 1666 1871 1709 queat
1902 1664 1959 1700 in-

291 1728 488 1773 telligere.
542 1728 659 1768 Quod
692 1728 791 1764 facit
819 1729 1035 1764 tractando
1069 1729 1119 1764 de
1149 1729 1341 1774 quinque,
1379 1739 1486 1773 quae
1521 1731 1615 1765 sunt
1647 1729 1736 1765 eius
1772 1729 1958 1770 materia,

291 1802 445 1838 genere
474 1793 642 1833 scilicet,
670 1794 824 1838 specie,
852 1793 1100 1833 differentia,
1127 1794 1296 1838 proprio
1325 1795 1365 1829 et
1386 1794 1614 1835 accidente,
1643 1803 1815 1839 quorum
1841 1803 1958 1839 prae-

290 1858 409 1902 cipue
453 1858 731 1903 cognitionem
769 1859 821 1894 ad
847 1858 1193 1894 praedicamenta
1226 1859 1365 1894 utilem
1410 1859 1616 1899 iudicavit,
1660 1859 1769 1904 quod
1806 1859 1856 1895 de
1893 1859 1956 1894 his

290 1921 377 1957 fere
404 1922 445 1957 in
472 1924 559 1957 tota
586 1922 695 1958 serie
723 1922 1153 1958 Praedicamentorum
1179 1923 1420 1967 disputetur.
1473 1923 1591 1962 Quod
1619 1924 1755 1959 autem
1778 1923 1958 1968 quinque

291 1987 482 2027 diximus,
511 1988 551 2022 et
578 1987 629 2022 ad
657 1987 762 2023 haec
790 1987 977 2023 nomina:
1013 1997 1158 2033 genus,
1196 1988 1360 2032 species
1397 1989 1437 2023 et
1473 1989 1616 2023 cetera
1651 1989 1692 2023 et
1727 1988 1777 2023 ad
1815 1997 1957 2024 eorum

291 2052 525 2097 significata
547 2052 851 2096 quodammodo
868 2052 1015 2088 referri
1036 2054 1184 2097 potest.
1212 2053 1314 2088 Nam
1331 2054 1371 2088 et
1392 2053 1536 2089 horum
1553 2053 1733 2098 quinque
1749 2053 1957 2089 nominum

291 2116 638 2161 significationem
679 2117 981 2153 convenienter
1020 2118 1164 2162 aperit,
1205 2118 1353 2162 quibus
1390 2118 1697 2154 Aristoteles
1730 2118 1866 2159 utitur,
1905 2127 1958 2154 ne

290 2191 382 2216 cum
410 2181 461 2217 ad
482 2181 826 2217 Praedicamenta
846 2184 1016 2217 ventum
1037 2182 1171 2223 fuerit,
1200 2182 1297 2227 quid
1323 2183 1364 2218 in
1385 2183 1449 2218 his
1470 2183 1705 2218 nominibus
1732 2183 1958 2229 intelligen-

291 2246 385 2281 dum
413 2246 474 2286 sit,
514 2247 737 2292 ignoretur.
789 2247 930 2283 Potest
963 2247 1086 2283 etiam
1121 2249 1161 2283 et
1195 2248 1245 2283 de
1282 2247 1526 2293 significatis
1561 2247 1751 2284 omnibus
1786 2248 1957 2284 istorum

291 2310 500 2346 nominum
528 2311 647 2355 quasi
675 2311 725 2346 de
754 2311 934 2356 quinque
963 2311 1040 2356 agi,
1069 2312 1166 2356 quia
1192 2311 1287 2347 licet
1320 2311 1556 2357 singillatim
1590 2313 1764 2356 accepta
1799 2311 1960 2347 infinita

291 2375 382 2415 sint,
420 2375 571 2420 quippe
608 2375 769 2411 infinita
805 2378 899 2412 sunt
938 2386 1095 2421 genera
1132 2378 1172 2412 et
1211 2376 1398 2412 similiter
1437 2377 1600 2421 species
1639 2378 1679 2412 et
1717 2378 1868 2417 cetera,
1907 2377 1958 2412 de

292 2439 482 2474 omnibus
509 2441 660 2476 tamen.
682 2441 725 2475 ut
746 2439 896 2475 dictum
920 2442 993 2481 est,
1022 2440 1204 2485 quinque
1226 2440 1371 2486 agitur,
1400 2440 1496 2485 quia
1523 2440 1573 2476 dc
1602 2440 1791 2476 omnibus
1814 2449 1959 2476 secun-

291 2504 384 2539 dum
432 2504 611 2548 quinque
651 2505 928 2549 proprietates
962 2506 1172 2546 tractatur,
1213 2505 1264 2541 de
1304 2505 1494 2541 omnibus
1536 2505 1701 2549 quidem
1736 2505 1959 2550 generibus

292 2569 519 2604 secundum
548 2569 625 2604 hoc
653 2570 761 2613 quod
791 2572 886 2605 sunt
913 2579 1080 2615 genera,
1110 2572 1151 2606 et
1177 2570 1228 2606 de
1256 2570 1408 2606 ceteris
1437 2570 1634 2606 similiter.
1685 2569 1751 2606 Sic
1778 2579 1956 2615 namque

292 2636 331 2668 et
368 2636 460 2669 octo
489 2635 630 2678 partes
659 2634 862 2670 orationis
890 2635 1209 2671 considerantur
1235 2635 1462 2671 secundum
1491 2637 1585 2670 octo
1613 2635 1778 2680 quidem
1813 2644 1956 2671 earum

292 2699 581 2743 proprietates,
609 2708 698 2734 cum
729 2699 964 2744 singillatim
992 2701 1193 2745 acceptae
1221 2700 1302 2736 sint
1328 2700 1525 2735 infinitae.

436 2822 448 2852 1
481 2821 690 2861 conscripta
710 2820 739 2853 A
831 2822 849 2853 3
872 2830 988 2862 vagas
1004 2821 1031 2853 A
1127 2823 1145 2853 8
1168 2822 1224 2853 hic
1244 2821 1326 2859 A-2L
1352 2821 1456 2853 huius
1477 2821 1507 2853 A
1604 2822 1643 2853 14
1667 2822 1906 2862 periermeias
1926 2821 1956 2854 A

295 2881 335 2911 15
364 2880 546 2911 analetica
572 2880 599 2911 A
689 2881 731 2912 25
754 2881 999 2921 cognitionem
1018 2880 1100 2918 A-2L
1128 2881 1351 2921 agnitionem
1366 2880 1395 2912 A
1493 2880 1536 2912 29
1564 2889 1608 2912 ne
1625 2881 1650 2912 L
1677 2881 1786 2913 necA
1817 2889 1888 2913 om.
1910 2881 1957 2919 Α.)

292 2938 335 2969 30
362 2938 568 2969 nominibus
589 2938 636 2976 Ag
662 2938 863 2970 rationibus
884 2938 912 2970 A
942 2939 1108 2970 omnibus
1135 2939 1161 2970 L

434 3019 445 3041 1
473 3020 633 3058 Boeth.,
661 3021 705 3052 In
736 3021 874 3062 Topica
902 3021 983 3057 Cic„
1012 3021 1068 3053 PL
1094 3021 1149 3059 64,
1177 3030 1211 3061 p.
1242 3022 1329 3053 1044
1345 3021 1385 3054 D.

433 3078 448 3100 '2
474 3079 635 3118 Boeth.,
665 3080 708 3111 In
736 3080 874 3121 Porph.
903 3081 957 3112 ed.
985 3080 1034 3118 11.‚
1063 3089 1097 3121 p.
1128 3079 1248 3112 14311.

1981 901 2013 925 ll)

1978 1223 2009 1248 15

1977 1870 2011 1894 25

1978 2189 2012 2214 30

1978 2514 2012 2539 35
