2200 3387
331 218 376 252 60
741 222 846 253 Peter
872 221 1075 254 Abaelards
1102 221 1237 262 Logica
1264 220 1586 262 ,ingredientibus‘.

331 320 371 353 et
411 318 594 354 mortale.
630 317 711 353 iam
747 327 828 353 non
863 327 996 363 genus
1030 317 1080 353 de
1115 317 1255 362 specie
1289 317 1563 362 praedicatur.
1597 317 1670 354 sed
1704 319 1840 363 potius
1879 319 1986 356 idem

332 382 382 418 de
404 392 449 417 se
478 382 567 426 ipso
595 381 868 427 praedicatur.
921 381 1080 426 Quippe
1103 382 1253 417 animal
1275 382 1492 418 formatum
1522 382 1801 419 rationalitate
1823 384 1864 419 et
1883 393 1987 419 mor-

332 446 487 482 talitate
516 446 622 482 idem
651 448 715 482 est
742 445 905 490 penitus
932 446 1039 490 quod
1069 445 1203 481 1101110.

478 510 573 546 Sive
612 510 750 555 itaque
786 511 937 547 animal
981 509 1223 555 simpliciter
1260 512 1477 555 acceptum
1516 510 1606 547 sive
1649 511 1891 547 differentiis
1931 511 1987 548 in-

330 576 551 611 ferioribus
587 575 780 611 affectum
815 575 1046 620 praedicari
1085 575 1281 615 dicamus,
1317 575 1655 611 inconvenientia
1681 575 1891 613 incurrere
1931 576 2022 612 vi-5

330 640 484 675 demur.

476 704 557 741 Sed
583 705 634 740 ad
664 705 741 740 1100
768 704 1177 749 respondendum
1206 705 1279 743 cst.
1317 704 1425 749 quod
1453 714 1544 740 cum
1572 704 1734 740 dicitur:
1763 706 1896 746 ‚homo
1924 707 1988 742 est

329 770 471 806 albus.
506 779 550 805 re
583 779 684 805 vera
720 770 841 805 homo
870 779 954 805 rem
989 769 1228 814 simpliciter
1254 759 1370 804 notat
1398 769 1438 805 in
1467 779 1516 805 eo
1545 769 1653 814 quod
1680 770 1802 806 homo
1830 772 1904 812 est,
1932 771 1988 806 nil

330 834 493 878 penitus
521 835 572 870 de
601 834 903 879 significatione
931 833 1121 870 animalis
1148 835 1310 874 tenens,
1338 835 1379 869 et
1404 833 1557 869 animal
1584 834 1719 870 album
1746 834 1801 870 nil
1822 835 1986 880 penitus

331 899 380 934 de
409 899 662 934 humanitate
690 899 830 937 innuit,
859 900 899 934 et
925 899 965 934 in
993 899 1070 934 hac
1096 899 1136 933 vi
1163 898 1403 943 simpliciter
1424 898 1585 943 singula
1604 899 1869 947 accipiuntur,
1892 900 1986 936 dum
2007 902 2040 928 10

330 963 584 1007 copulantur.
635 962 724 998 Non
752 964 890 998 tamen
918 964 1033 998 tanta
1061 963 1124 998 est
1151 962 1214 998 vis
1241 962 1358 998 verbi
1378 962 1609 1007 copulantis
1630 963 1696 999 vel
1715 963 1841 999 totius
1862 972 1988 1000 enun-

330 1026 523 1063 tiationis.
551 1028 594 1061 ut
620 1026 829 1062 hominem
857 1036 953 1062 esse
981 1026 1117 1062 album
1146 1026 1185 1062 in
1208 1035 1257 1062 00
1286 1027 1395 1071 quod
1423 1027 1545 1062 homo
1567 1028 1641 1067 est,
1668 1029 1883 1073 proponat,
1912 1029 1987 1064 sed

329 1091 570 1135 simpliciter
603 1091 816 1126 denuntiet
849 1090 958 1126 idem
985 1091 1094 1135 quod
1126 1092 1191 1126 est
1228 1091 1363 1132 1101110,
1403 1100 1498 1127 0880
1535 1091 1573 1127 111
1607 1092 1715 1137 quod
1749 1092 1886 1128 album
1914 1094 1985 1129 est.

329 1155 521 1199 Alioquin
540 1155 716 1191 modalis
744 1155 974 1190 enuntiatio
997 1157 1121 1195 esset,
1149 1165 1232 1191 non
1253 1155 1429 1200 simplex
1456 1157 1497 1191 et
1522 1165 1622 1192 vere
1649 1157 1825 1201 proponi
1844 1159 1988 1202 posset

329 1220 482 1256 nullum
503 1220 652 1255 animal
671 1229 764 1255 esse
786 1219 994 1255 hominem
1009 1220 1075 1255 vel
1097 1220 1246 1261 album,
1262 1220 1360 1264 quia
1379 1221 1534 1256 nullum
1554 1221 1706 1257 animal
1727 1221 1769 1257 in
1789 1223 1987 1266 quantum
2008 1227 2040 1252 15

329 1285 394 1319 est
421 1284 583 1323 animal.
610 1284 675 1319 vel
704 1284 826 1319 homo
854 1284 919 1320 vel
947 1284 1096 1323 album,
1124 1285 1164 1319 et
1190 1284 1286 1320 licet
1313 1283 1413 1330 [vel]
1441 1284 1630 1320 animalis
1651 1285 1906 1330 praedicatio
1931 1286 1986 1322 nil

332 1348 382 1384 de
422 1349 676 1384 humanitate
716 1350 841 1388 notet.
881 1358 975 1385 eam
1013 1350 1152 1384 tamen
1185 1358 1268 1384 non
1300 1350 1499 1385 removet.
1550 1349 1669 1386 Unde
1702 1359 1795 1385 011111
1821 1350 1987 1387 dicitur:

330 1414 462 1449 ,1101110
486 1415 550 1449 081
571 1413 746 1450 animal‘.
769 1423 904 1458 neque
926 1415 1179 1449 monstratur
1199 1414 1321 1449 homo
1338 1423 1431 1450 esse
1453 1414 1616 1455 animal,
1637 1415 1747 1459 quod
1767 1415 1988 1452 inferiores

331 1477 483 1512 habeat
508 1476 675 1513 formas.
703 1486 840 1521 neque
868 1486 964 1513 esse
992 1477 1154 1518 animal,
1183 1477 1292 1522 quod
1323 1487 1406 1513 non
1433 1478 1596 1517 habeat,
1636 1478 1710 1514 sed
1749 1478 1989 1523 simpliciter

329 1541 476 1577 dicitur
503 1551 597 1577 esse
625 1541 788 1579 animal.
828 1544 868 1577 et
903 1542 999 1578 licet
1037 1542 1126 1587 ipse
1163 1543 1285 1578 homo
1317 1551 1482 1587 semper
1507 1542 1559 1578 sit
1590 1543 1742 1579 animal
1767 1542 1987 1580 formatum
2007 1548 2042 1574 20

327 1605 606 1642 rationalitate
635 1608 675 1642 et
701 1607 962 1647 mortalitate,
989 1616 1073 1642 non
1093 1607 1133 1643 id
1154 1608 1293 1643 tamen
1308 1616 1474 1652 semper
1487 1607 1741 1653 proponitur,
1769 1608 1843 1644 sed
1863 1609 1986 1645 modo

329 1670 570 1715 simpliciter
596 1671 742 1707 dicitur
767 1671 857 1716 ipse
885 1681 979 1707 esse
1001 1672 1164 1712 animal,
1192 1673 1314 1708 modo
1343 1672 1467 1708 etiam
1495 1682 1591 1709 esse
1614 1672 1763 1709 animal
1785 1673 1986 1710 rationale

328 1736 514 1776 mortale,
561 1737 601 1772 et
645 1737 862 1781 utrumque
907 1746 1051 1772 verum
1096 1738 1170 1772 est.
1230 1736 1332 1772 Nam
1371 1737 1481 1773 istud
1521 1737 1781 1782 ,simpliciter‘
1818 1747 1901 1774 non
1934 1739 1986 1775 ad

330 1800 631 1835 essentiam
661 1800 860 1841 101,80(1
887 1801 940 1836 ad
967 1800 1066 1836 vim
1094 1800 1473 1836 enuntiationis
1503 1800 1691 1842 refertur,
1724 1802 1768 1837 ut
1792 1801 1988 1838 videlicet

328 1864 449 1900 homo
471 1864 710 1909 simpliciter
731 1865 927 1901 dicatur
948 1875 1044 1901 esse
1065 1865 1228 1907 animal,
1250 1875 1333 1901 non
1348 1868 1391 1901 ut
1411 1865 1540 1911 [81]811
1560 1865 1801 1911 simpliciter
1821 1866 1984 1902 animal.
2005 1875 2040 1902 25

469 1928 550 1965 Sed
576 1929 758 1965 fortasse
787 1939 847 1974 op
861 1932 1103 1975 ponetur,
1132 1930 1241 1974 quod
1262 1930 1382 1966 aliter
1401 1931 1629 1967 enuntiatio
1650 1931 1844 1976 proponit
1863 1940 1986 1976 quam

327 1993 485 2029 scilicet
519 2003 586 2030 res
619 2003 663 2030 se
700 1995 863 2035 habeat,
900 2004 992 2030 cum
1020 1995 1216 2031 videlicet
1241 1995 1333 2039 ipsa
1360 1995 1603 2040 simpliciter
1628 1996 1881 2040 <proponat>
1907 2005 1986 2032 nec

326 2060 466 2094 tamen
491 2068 559 2094 res
585 2068 630 2094 se
657 2059 896 2104 simpliciter
916 2059 1079 2095 habeat.
1130 2059 1248 2095 Unde
1269 2059 1373 2095 falsa
1393 2059 1554 2095 videtur
1575 2060 1815 2096 enuntiatio.
1867 2060 1986 2101 Quod

326 2132 409 2158 non
436 2124 509 2163 est,
537 2123 633 2168 quja
659 2123 698 2159 id
727 2124 835 2167 quod
862 2124 903 2159 in
931 2133 975 2160 re
1003 2133 1086 2159 non
1114 2126 1189 2164 est,
1217 2133 1299 2159 non
1326 2124 1530 2169 proponit.
1580 2124 1682 2160 Nam
1710 2124 1815 2161 sicut
1840 2134 1987 2161 verum

327 2189 391 2223 est
418 2187 624 2223 homInem
653 2197 745 2224 esse
772 2188 991 2229 hominem,
1029 2188 1086 2224 ita
1122 2188 1247 2224 etiam
1287 2197 1378 2224 esse
1415 2189 1566 2225 animal
1607 2198 1743 2234 neque
1769 2188 1898 2225 refert
1931 2189 1984 2225 ad
2003 2200 2039 2226 30

327 2252 556 2292 veritatem,
609 2252 643 2288 81
678 2252 812 2288 011118
859 2254 935 2288 081
979 2253 1150 2289 modus
1197 2253 1574 2289 enuntiationis
1613 2253 1984 2298 propositionis

327 2325 466 2361 quam
504 2317 827 2353 substantiae
864 2317 950 2353 rei.
1001 2318 1104 2353 Nam
1131 2327 1223 2353 cum
1250 2318 1363 2353 solus
1391 2317 1638 2353 Socrates
1666 2327 1749 2354 non
1776 2318 1827 2354 sit
1853 2328 1986 2363 gram-

326 2381 509 2421 1110110118,
538 2382 651 2417 801118
673 2383 812 2418 tamen
834 2383 1083 2427 quandoque
1112 2382 1258 2418 (licitur
1285 2392 1381 2418 esse
1403 2382 1707 2427 grammaticus,
1731 2383 1839 2427 quod
1859 2383 1911 2419 de
1933 2392 1984 2419 eo

326 2446 415 2481 solo
444 2446 692 2491 quandoque
721 2447 865 2491 agitur,
894 2448 936 2482 ut
962 2447 1156 2483 videlicet
1182 2447 1233 2483 de
1262 2447 1372 2483 nullo
1400 2447 1481 2483 alio
1502 2447 1730 2491 loquamur.
1780 2447 1923 2492 Neque
1944 2447 1984 2484 id

326 2510 491 2554 quidem
517 2511 795 2555 proponimus,
823 2512 932 2555 quod
960 2511 1049 2556 ipse
1071 2512 1184 2547 solus
1206 2511 1257 2547 sit
1277 2512 1580 2557 grammaticus,
1609 2512 1718 2557 quod
1738 2511 1886 2548 falsum
1908 2514 1983 2554 est,
2003 2519 2039 2545 35

327 2575 400 2610 8011
428 2574 478 2610 de
507 2584 557 2610 eo
585 2575 673 2611 solo
702 2575 885 2616 dicimus,
923 2577 1030 2620 quod
1060 2576 1112 2612 sit
1137 2576 1442 2621 grammaticus,
1476 2577 1584 2621 quod
1618 2586 1762 2612 verum
1799 2578 1873 2612 est.
1923 2576 1984 2613 De

326 2638 436 2673 nullo
475 2638 633 2674 scilicet
673 2638 754 2673 alio
787 2639 1006 2683 loquentes
1047 2640 1088 2675 et
1132 2639 1245 2674 solus
1292 2639 1439 2675 dicitur
1477 2649 1573 2675 esse
1610 2639 1904 2683 grammaticus
1944 2640 1985 2675 et

326 2712 427 2738 vera
470 2704 533 2738 est
573 2703 813 2742 enuntiatio.
855 2713 933 2739 nec
974 2705 1112 2739 tamen
1150 2704 1263 2739 solus
1304 2706 1366 2739 est
1405 2704 1710 2749 grammaticus,
1751 2705 1791 2740 et
1826 2705 1983 2740 tantum

326 2767 472 2802 (11011111
498 2767 619 2812 loqui,
648 2769 688 2803 et
715 2778 816 2803 vera
844 2770 907 2804 081
934 2768 1172 2808 enuntiatio,
1207 2777 1285 2804 nec
1320 2770 1459 2804 tamen
1492 2770 1651 2804 tantum
1685 2768 1874 2813 loquitur,
1907 2768 1983 2805 sed

327 2831 450 2868 etiam
478 2831 593 2868 ridet.
1999 2842 2036 2868 40

469 2966 504 2996 11
537 2963 654 3005 verbi]
681 2966 740 2997 ubi
771 2966 797 2997 A
912 2966 953 2998 16
980 2966 1039 2997 vel
1065 2966 1198 2998 animal
1226 2966 1439 3005 praedicata
1468 2967 1497 2997 A
1621 2967 1662 2999 17
1690 2966 1924 2998 humanitatis
1949 2965 1983 2997 A

325 3025 531 3055 removeret
558 3024 584 3054 ,1
687 3025 728 3056 19
757 3022 867 3064 quod}
894 3032 1014 3064 neque
1043 3024 1188 3064 quando
1216 3025 1247 3055 A
1351 3025 1394 3057 25
1421 3025 1452 3057 si
1478 3025 1525 3057 sit
1553 3025 1582 3056 A
1610 3025 1705 3057 forta
1731 3024 1763 3055 A
1860 3023 1903 3056 28
1929 3024 1982 3059 ta·

325 3079 422 3120 men]
449 3080 589 3113 tantum
618 3082 646 3113 A
746 3083 788 3114 32
818 3080 941 3122 quam]
968 3082 1036 3114 sub
1063 3091 1195 3122 equam
1222 3082 1253 3113 A
1304 3082 1389 3121 non]
1416 3083 1500 3115 inde
1529 3083 1569 3116 A.
1724 3088 1752 3109 Ο
