2200 3387
139 1615 273 1650 Boetli.

131 1674 163 1706 p.
183 1663 252 1697 30&
263 1666 277 1687 ·-’

301 253 364 284 llll)
707 255 810 284 l'ctcr
838 254 1038 285 Aluit-lamis
1069 255 1199 293 {angien
1230 253 1550 292 .lngwilit‘ntibuS'.

299 350 537 385 necessario
579 359 658 384 non
695 349 822 393 exigit
859 349 1077 385 hominem.
1132 350 1176 384 ΕΙ
1210 359 1363 392 ,venera
1394 349 1575 393 quidem.
1629 348 1882 387 ‚Praedicari‘
1912 351 1954 385 ut

297 415 346 449 de
370 417 565 449 contento
587 414 740 458 accipe.
770 415 929 449 (r'em‘m
952 414 1175 449 (inundant
1198 413 1457 448 continentia
1479 413 1727 457 specierum,
1748 413 1785 449 id
1803 415 1867 449 est
1887 422 1955 449 res

298 480 435 523 plures
466 479 677 514 nominant
705 488 824 523 quani
855 479 1042 523 singulae
1071 479 1245 523 species.
1275 478 1499 513 seeundum
1529 477 1637 522 quod
1665 477 1832 513 nomina
1864 479 1957 514 sunt

298 544 557 579 universalia.
622 544 785 588 Spes-ivs
814 554 907 578 vero
938 544 978 578 in
1011 543 1270 580 distri-entiam
1299 542 1520 587 propositis
1558 542 1724 580 scilicet.
1762 551 1843 577 non
1880 542 1957 578 illis

298 618 402 653 quae
431 612 523 644 sunt
544 609 711 652 generis
733 608 1035 643 constitutivae.
1059 618 1164 652 quae
1194 608 1378 651 utrisque
1408 608 1502 642 sunt
1528 616 1776 644 communes.
1805 607 1956 651 quippe
1976 614 1992 636 -··=

299 676 463 716 praeter
490 672 744 707 differentias
773 672 938 715 generis
967 672 1121 706 habent
1148 671 1269 706 etiam
1305 680 1401 705 suas
1436 672 1476 705 et
1503 679 1605 714 quas
1639 670 1679 705 in
1716 679 1843 706 sensu
1881 679 1956 705 suo
1989 697 1992 699 .

300 738 387 772 sola
417 737 640 772 continent.
670 746 749 771 non
778 745 921 780 genus.
951 737 1012 771 vel
1042 745 1145 780 quas
1174 736 1300 779 exigit
1322 745 1390 770 res
1418 735 1573 779 speciei
1601 744 1655 769 ex
1683 744 1732 770 eo
1755 734 1863 779 quod
1890 744 1958 770 res

300 806 363 838 est
399 802 563 847 speciei.
602 811 680 837 non
711 802 817 845 quod
857 811 923 836 res
962 804 1025 836 est
1051 801 1228 845 generis.
1265 800 1416 844 quippe
1445 809 1497 835 ex
1525 809 1575 835 eo
1604 799 1712 844 quod
1740 800 1861 835 homo
1883 801 1958 840 est,

307 867 520 903 rationalis
548 870 622 901 est.
651 876 731 901 non
761 876 813 902 ex
836 876 886 902 eo
908 866 1015 910 quod
1043 866 1193 901 animal
1222 867 1296 901 est.
1348 864 1417 900 Est
1443 867 1579 900 autem
1615 864 1798 909 speciem
1833 865 1959 900 abun-

304 933 402 967 dare
430 941 584 975 genere
615 931 651 966 in
681 931 940 966 differentiis:
977 931 1190 965 contInere
1225 930 1481 965 differentias
1517 938 1620 973 quas
1658 939 1738 965 non
1775 929 1959 965 continet
1982 936 2013 961 10

300 1006 430 1041 genus
459 1006 578 1031 unuin
604 995 876 1031 terminatum.
928 995 1008 1030 Sed
1031 1004 1162 1039 genus
1184 1004 1348 1039 quoque
1370 994 1644 1029 differentiam
1666 995 1791 1029 habet
1811 993 1960 1029 consti-

304 1061 470 1095 tutivam
500 1063 540 1095 ut
568 1060 729 1095 animal.
758 1069 918 1103 corpus
947 1059 1035 1094 sive.
1065 1059 1214 1094 nullam
1251 1059 1373 1094 habet
1401 1061 1442 1094 ut
1470 1059 1712 1095 substantia.
1740 1061 1780 1094 et
1813 1059 1864 1094 de
1896 1058 1960 1093 his

303 1125 543 1160 substantiis
572 1134 678 1168 quae
707 1125 823 1159 solae
851 1123 1105 1159 differentias
1135 1124 1296 1158 habent.
1324 1123 1608 1167 accipiendum
1637 1125 1710 1158 est.
1763 1123 1961 1167 Amplius

304 1200 443 1234 neque.
497 1189 583 1224 Alia
607 1189 839 1224 differentia
865 1189 1031 1233 generis
1060 1190 1099 1223 et
1126 1188 1280 1232 speciei
1309 1197 1389 1223 non
1418 1188 1680 1232 generaliter.
1707 1188 1830 1228 <sed>
1857 1188 1960 1223 haec

304 1255 575 1298 quorundam.
605 1253 760 1289 scilicet
789 1253 1078 1297 specialissimi
1108 1255 1148 1288 et
1174 1252 1488 1297 generalissimi,
1517 1252 1610 1296 quia
1638 1252 1829 1288 tidelicet
1855 1252 1960 1288 adeo
1985 1259 2015 1283 15

303 1319 508 1354 differunt.
543 1319 649 1363 quod
679 1318 716 1353 id
752 1318 860 1362 quod
888 1317 1241 1362 generalissimum
1281 1319 1354 1353 est.
1381 1326 1463 1352 non
1498 1318 1636 1361 potest
1671 1326 1767 1352 esse
1804 1317 1961 1361 specia-

303 1384 512 1419 lissimum.
565 1383 643 1419 Sed
674 1383 706 1418 si
735 1383 816 1418 hoc
841 1383 890 1418 de
913 1382 1023 1428 [hoel
1046 1383 1169 1417 rebus
1192 1382 1338 1417 dieitur
1358 1383 1584 1417 secundum
1607 1391 1680 1417 eos
1702 1381 1769 1426 qui
1791 1382 1960 1417 easdem

303 1458 369 1484 res
398 1452 437 1483 ct
465 1458 618 1493 genera
648 1451 687 1483 et
715 1447 879 1492 species
908 1448 1060 1484 volunt.
1088 1448 1233 1482 falsum
1263 1449 1337 1484 est.
1371 1447 1450 1482 nisi
1478 1447 1567 1490 quis
1601 1446 1640 1481 in
1674 1447 1867 1491 respectu
1893 1446 1961 1482 ab·

303 1512 425 1547 solvit
452 1512 593 1547 dicens
628 1512 666 1546 in
701 1521 750 1546 eo
787 1513 895 1546 statu
930 1511 969 1545 in
998 1520 1078 1554 quo
1116 1512 1180 1546 est
1214 1510 1583 1555 generalissimum,
1621 1519 1702 1545 non
1740 1519 1836 1545 esse
1872 1518 1962 1554 spe-

303 1577 575 1612 cialissimum.
1982 1585 2015 1610 20

445 1640 583 1675 Genus
622 1641 760 1675 antem
803 1639 933 1683 sequi,
971 1639 1010 1674 id
1051 1641 1115 1674 est
1153 1638 1349 1675 comitari.
1391 1647 1557 1682 semper
1593 1638 1784 1683 speciem.
1845 1637 1962 1678 Quod

306 1705 486 1740 ostendit
524 1705 561 1739 in
597 1704 780 1749 partibus
816 1704 973 1739 dicens:
1008 1703 1114 1752 Nam
1149 1703 1186 1738 se·
1213 1706 1269 1738 est
1301 1705 1438 1738 homo.
1491 1702 1757 1748 categoricas
1784 1702 1964 1747 intellige

306 1770 381 1805 sic:
411 1769 608 1813 Quicquid
640 1770 703 1804 est
731 1770 864 1805 homo.
893 1771 955 1804 est
977 1768 1125 1804 animal
1150 1768 1213 1803 vel
1238 1768 1402 1803 risibile.
1454 1768 1542 1803 Non
1565 1767 1672 1803 enim
1693 1768 1799 1803 hanc
1820 1776 1964 1803 conse-

308 1834 514 1878 quentiam
543 1834 783 1878 recipimus:
813 1833 851 1867 Si
882 1835 945 1868 est
972 1833 1106 1870 homo.
1135 1834 1196 1868 est
1222 1832 1388 1868 risibile.
1441 1832 1488 1867 ΕΙ
1525 1833 1764 1876 (acqualiter
1793 1832 1963 1876 praedi-

305 1900 408 1939 cari,
434 1909 517 1934 non
547 1908 636 1934 cum
666 1898 796 1942 magis
827 1900 865 1933 et
894 1898 1038 1933 minus.
1067 1898 1174 1942 quod
1203 1899 1358 1933 certum
1387 1900 1450 1932 est
1477 1897 1528 1932 de
1555 1897 1733 1942 propriis
1761 1906 1868 1941 quae
1896 1906 1964 1941 po-
1984 1909 2018 1935 ‘25

306 1964 456 1999 tentias
485 1963 729 2007 significant.
782 1963 958 1997 Possunt
986 1964 1123 1997 autem
1161 1962 1351 1997 fortassis
1386 1962 1550 2006 propria
1585 1971 1680 1997 esse
1719 1961 1965 2006 specialissi-

307 2038 477 2064 morum.
507 2037 612 2072 quae
639 2027 690 2063 ad
719 2027 1072 2071 comparationem
1102 2027 1244 2062 venire
1273 2029 1456 2071 possent.
1485 2036 1591 2070 quae
1619 2036 1702 2062 non
1729 2026 1965 2071 significant

309 2093 527 2138 potentias.
556 2092 841 2128 convertibilia
869 2092 1032 2136 quidem
1061 2101 1151 2127 curn
1179 2091 1330 2135 specie.
1369 2091 1473 2126 sicut
1510 2093 1573 2127 est
1607 2092 1834 2127 coloratum
1871 2100 1965 2127 con-

308 2157 497 2193 vertibile
519 2167 608 2193 eum
632 2166 818 2201 corpore.
841 2157 948 2201 quod
972 2157 1225 2200 superius¹
1248 2156 1480 2201 comparari
1502 2156 1613 2191 dixit.
1665 2155 1746 2192 Sed
1769 2156 1803 2191 si
1829 2156 1869 2192 in
1897 2165 1965 2192 na-

308 2226 397 2258 tura
425 2222 483 2257 rei
512 2224 652 2266 posset
680 2231 786 2257 esse.
822 2221 1027 2266 impositio
1061 2223 1199 2257 tamen
1234 2231 1315 2256 non
1350 2222 1473 2256 habet
1508 2221 1686 2265 ideoque
1715 2221 1765 2257 de
1792 2221 1964 2257 vocibus
1984 2233 2019 2259 30

308 2297 437 2331 agens
475 2287 524 2322 ad
564 2286 866 2331 impositionem
902 2288 1058 2321 tantum
1092 2286 1288 2330 respexit.
1340 2282 1574 2321 Commune
1609 2287 1665 2321 cs!
1697 2287 1851 2321 autem.
1902 2285 1967 2320 Vi-

310 2353 427 2387 detur
463 2351 766 2395 Porphyrius
806 2351 958 2395 largius
993 2351 1057 2386 hic
1091 2351 1281 2395 accipere
1328 2350 1569 2395 praedicari
1610 2351 1794 2386 univoce‘
1844 2359 1966 2394 quam

310 2416 661 2456 sAristoteles)
683 2416 719 2450 in
752 2415 1078 2452 Substantia-².
1101 2415 1169 2450 ubi
1197 2415 1353 2450 scilicet
1374 2415 1430 2450 ait
1451 2415 1500 2450 de
1529 2414 1725 2451 subiectis
1747 2424 1830 2450 non
1851 2424 1966 2459 prae-

309 2481 435 2517 dicari
463 2480 650 2516 univoce.
709 2480 787 2515 Scd
815 2480 865 2515 nil
902 2480 1029 2516 obest.
1059 2480 1092 2514 si
1122 2480 1272 2524 largius
1300 2480 1634 2515 univocationem
1662 2479 1837 2524 accipiat
1862 2479 1967 2515 sicut

311 2547 349 2579 et
371 2544 624 2579 Boethius.
654 2543 817 2587 quando
841 2543 877 2578 in
904 2543 1245 2578 Divisionibus
1262 2547 1277 2566 ³³
1297 2543 1541 2578 divisionem
1563 2542 1788 2578 accidentis
1813 2542 1854 2577 in
1875 2543 1967 2578 sub·
1986 2557 2020 2581 35

310 2609 415 2643 iecta
443 2607 801 2652 aequivocationis
830 2617 925 2642 esse
954 2617 1034 2642 non
1065 2607 1170 2642 dicit.
1223 2607 1525 2642 Aristoteles
1559 2606 1666 2641 enim
1703 2606 1757 2641 ibi
1789 2606 1968 2642 univoca

311 2683 391 2708 non
419 2673 566 2717 accipit
595 2673 670 2707 nisi
705 2675 898 2716 quantum
935 2672 985 2707 ad
1021 2672 1221 2707 rationem
1259 2671 1527 2709 substantiae,
1564 2671 1603 2706 id
1639 2672 1703 2706 est
1738 2671 1790 2706 ad
1827 2670 1967 2706 defini—

310 2739 462 2773 tionem
505 2738 639 2773 datam
682 2737 907 2772 secundum
950 2736 1231 2772 substantiam.
1294 2736 1595 2780 Porphyrius
1635 2745 1734 2771 vero
1775 2735 1840 2771 hic
1879 2735 1966 2770 sive

453 2842 470 2872 2
494 2841 609 2880 accipi
631 2841 657 2872 A
711 2837 970 2878 continentiae]
992 2840 1087 2871 conti
1110 2839 1135 2870 A
1239 2839 1256 2869 :3
1279 2839 1463 2870 nominati-1
1486 2839 1513 2870 A
1614 2839 1632 2869 6
1656 2846 1750 2878 quae
1770 2837 1799 2870 A
1851 2846 1917 2870 sua
1936 2837 1964 2870 A

314 2902 353 2931 12
376 2898 427 2938 utl
449 2901 480 2931 in
504 2900 528 2931 ,1
624 2899 798 2931 12-1231150
820 2898 1023 2930 substantia
1050 2898 1074 2929 A
1164 2898 1202 2929 14
1222 2899 1310 2938 post
1331 2898 1552 2937 generaliter
1571 2897 1711 2929 lamma
1732 2897 1772 2929 in
1793 2897 1821 2928 A
1850 2897 1918 2929 hoe
1936 2895 1966 2928 A

313 2960 349 2989 21
383 2956 512 2998 genus]
542 2959 582 2988 ef.
613 2965 691 2989 var.
721 2958 796 2988 lvel.
825 2957 879 2988 ed.
911 2957 1057 2988 Hocth.
1180 2957 1285 2987 28-29
1313 2956 1561 2987 convertibilis
1587 2956 1612 2986 A
1678 2953 1788 2995 quod]
1817 2963 1911 2995 quae
1937 2954 1965 2986 A

312 3017 514 3056 computari
542 3017 566 3047 A
672 3018 714 3047 :lii
743 3016 848 3047 unica
875 3016 899 3047 A

455 3080 463 3101 ¹
494 3082 652 3117 Bocth..
677 3081 718 3112 Ιη
742 3081 878 3121 Por-ph.
901 3081 922 3112 l.
945 3090 984 3117 (2,
1008 3090 1040 3120 p.
1064 3080 1123 3111 ‘251
1147 3079 1174 3099 ¹²5
1271 3080 1284 3099 ⁴-'
1312 3079 1470 3117 Bocth.‚
1499 3079 1541 3111 In
1566 3080 1687 3117 Cales).
1709 3078 1820 3110 Arist.
1843 3077 1898 3110 PL
1913 3078 1966 3115 64,

310 3135 346 3182 p.
378 3141 440 3171 ist
460 3140 493 3171 Η.
609 3140 621 3157 '²
650 3140 806 3175 l’›‹›‹‚·th.,
838 3138 889 3170 Iw
916 3139 987 3170 (Ιῖν.
1016 3138 1071 3169 PL
1097 3139 1150 3175 (Μ,
1180 3147 1213 3178 p.
1243 3139 1308 3169 878
1324 3138 1360 3170 Η.
