2200 3387
317 237 382 271 186
730 238 836 270 Peter
861 238 1064 270 Abaelards
1092 238 1226 277 Logica
1253 236 1575 277 ‚ingredientibus‘.

314 329 599 364 rationabilius
628 330 701 365 est.
730 331 772 364 ut
799 338 881 364 non
909 330 1073 372 sumpta
1104 327 1195 367 sint,
1223 327 1298 362 sed
1326 336 1378 362 ex
1400 327 1607 362 communi
1638 337 1767 363 causa
1792 327 1974 369 inventa,

315 392 409 436 quia
428 394 564 427 tamen
581 391 852 436 quantitatem
869 391 1115 437 significant,
1136 391 1231 426 licet
1246 400 1327 425 non
1344 390 1425 425 sint
1440 399 1465 425 a
1484 390 1780 434 quantitatibus
1803 391 1978 435 sumpta,

314 457 365 491 ad
394 458 589 500 quantum
626 456 939 501 respondentur,
975 465 1139 491 annuus
1167 454 1331 499 quidem
1360 456 1529 499 propter
1556 464 1719 496 annum,
1755 454 1979 491 bicubitum

316 522 484 565 propter
510 520 712 556 binarium
740 520 981 556 cubitorum.
1032 519 1226 555 Fortasse
1260 518 1384 554 etiam
1412 519 1577 563 duplum
1606 520 1646 555 et
1678 519 1844 564 triplum
1870 528 1977 564 quae

314 585 489 622 relativa
505 585 611 622 dicit.
634 585 672 620 in
690 587 885 629 quantum
902 584 1194 629 praedicantur
1208 585 1378 628 propter
1399 593 1625 622 numerum.
1647 593 1769 628 quem
1785 583 1980 628 quodam·
1998 591 2014 616 5

314 650 436 686 modo
477 650 722 695 significant.
786 650 984 685 Videntur
1023 649 1147 684 etiam
1187 649 1298 684 nulla
1337 658 1361 684 a
1400 648 1697 693 quantitatibus
1738 649 1901 693 sumpta
1937 648 1979 684 in

315 716 511 759 quantum
539 714 782 759 praedicari.
834 713 935 749 Nam
963 713 1042 748 duo
1071 713 1136 748 vel
1164 715 1248 748 tres
1275 712 1318 747 in
1347 714 1444 756 quot
1472 712 1608 757 potius
1635 722 1758 757 quam
1784 713 1825 748 in
1853 722 1980 757 quan-

314 781 398 814 tum
425 779 662 814 redduntur.
714 778 813 818 Quis
842 778 966 813 etiam
994 777 1029 812 si
1056 778 1296 822 quaeratur:
1326 778 1515 821 ‚quantus
1551 778 1637 818 est‘,
1672 777 1899 822 respondet
1927 777 1980 819 ,li-

314 846 473 879 neatus·
502 844 567 879 vel
596 843 770 880 ‚localisn
822 843 911 878 Non
948 842 1086 886 itaque
1126 852 1302 878 necesse
1343 844 1417 882 est,
1456 851 1546 877 cum
1587 841 1759 878 dicimus
1799 851 1978 878 annuam

315 909 532 945 actionem.
561 908 657 953 poni
685 917 837 943 annum
864 908 904 943 in
933 916 984 943 ea
1010 916 1146 952 neque
1174 908 1313 952 plures
1341 916 1474 943 annos
1502 907 1618 942 simul
1654 916 1750 943 esse
1787 906 1979 943 constitui
2002 915 2033 940 10

314 972 379 1008 vel
408 973 546 1016 plures
575 971 674 1009 dies,
703 971 775 1006 sed
798 981 923 1006 unum
944 972 1102 1006 tantum
1124 971 1193 1015 qui
1213 971 1286 1006 toti
1308 970 1429 1006 simul
1450 971 1601 1006 mundo
1622 970 1824 1012 adiaceat,
1844 970 1981 1006 firma-

315 1039 452 1072 mento
481 1036 637 1072 scilicet
664 1046 755 1072 cum
783 1036 973 1071 omnibus
996 1036 1237 1071 substantiis
1260 1045 1363 1080 quas
1386 1035 1709 1080 comprehendit.
1760 1035 1848 1071 Non
1871 1035 1980 1071 enim

314 1102 378 1137 vel
407 1102 591 1138 diurnam
631 1101 905 1137 substantiam
932 1110 1039 1145 quae
1067 1100 1497 1145 incomprehensibilis
1535 1102 1609 1141 est,
1646 1101 1713 1136 vel
1749 1099 1980 1136 accidentia

313 1167 473 1203 ratione
501 1166 641 1202 mundi
669 1165 908 1211 colligimus,
937 1165 1012 1201 sed
1039 1166 1290 1210 temporales
1316 1166 1472 1200 tantum
1501 1165 1766 1201 substantias.

456 1231 725 1271 Quaeritur
751 1231 900 1270 autem,
928 1230 1135 1274 quomodo
1164 1230 1325 1265 instans
1353 1229 1600 1265 indivisibile
1634 1230 1802 1270 dicatur,
1836 1230 1871 1266 si
1906 1230 1980 1266 toti
2002 1238 2033 1263 15

315 1296 467 1332 mundo
495 1295 687 1331 adiaceat
714 1296 784 1330 aut
811 1295 1018 1339 quomodo
1046 1296 1210 1339 tempus
1248 1294 1520 1339 compositum
1557 1294 1795 1330 continuum
1830 1295 1981 1340 poterit

314 1361 405 1397 dici.
428 1361 537 1405 quod
553 1362 613 1396 tot
634 1360 824 1396 discretis
847 1359 1096 1395 substantiis
1112 1359 1220 1395 insit.
1263 1359 1344 1395 Sed
1365 1359 1544 1395 fortasse
1565 1359 1813 1396 indivisibile
1835 1359 1981 1396 dicitur

313 1426 475 1462 instans
504 1426 700 1469 quantum
727 1425 780 1460 ad
806 1426 959 1469 partes,
998 1433 1105 1469 quae
1133 1424 1274 1460 auditu
1300 1424 1593 1469 percipiuntur.
1643 1424 1836 1460 Fortasse
1872 1424 1980 1460 enim

316 1491 504 1536 singulae
533 1489 794 1526 substantiae
821 1489 1072 1534 temporales
1100 1489 1279 1533 aliquam
1314 1489 1512 1534 temporis
1545 1488 1587 1524 in
1624 1498 1669 1525 se
1705 1489 1868 1531 habent,
1905 1489 1980 1525 sed

314 1565 398 1591 non
425 1555 549 1591 talem
585 1563 690 1599 quae
726 1556 887 1599 tempus
921 1554 1089 1589 dicatur.
1140 1553 1295 1589 Poterit
1331 1553 1505 1589 forsitan
1545 1554 1586 1589 et
1623 1554 1702 1589 hoc
1741 1553 1832 1595 dici,
1868 1554 1978 1599 quod
2011 1562 2029 1588 ο

313 1619 409 1655 licet
436 1619 572 1655 multis
601 1620 642 1654 et
669 1618 858 1654 discretis
881 1617 1120 1653 substantiis
1143 1617 1344 1658 adiaceat‚
1372 1619 1509 1653 tamen
1533 1618 1698 1653 omnino
1721 1618 1773 1654 sit
1793 1618 1979 1663 simplex.

315 1683 474 1729 Quippe
514 1683 652 1719 unitas
686 1682 863 1718 hominis
896 1682 1034 1718 multis
1074 1682 1193 1718 simul
1229 1682 1424 1718 membris
1453 1682 1623 1718 -adiacet
1659 1683 1700 1718 et
1734 1683 1873 1718 tamen
1917 1684 1981 1718 est

313 1748 507 1792 simplex;
536 1748 665 1782 totum
693 1746 815 1782 etiam
838 1746 1035 1781 mundum
1056 1742 1180 1781 unum
1202 1746 1281 1781 dici
1301 1746 1444 1781 volunt
1463 1755 1516 1781 ex
1536 1746 1704 1782 unitate.
1755 1745 1979 1782 Possumus

314 1812 437 1848 etiam
472 1812 632 1847 instans
667 1811 939 1856 compositum
978 1820 1134 1856 negare
1174 1812 1371 1855 quantum
1412 1811 1464 1846 ad
1504 1819 1597 1846 eam
1636 1811 1980 1856 compositionem

314 1886 420 1922 quae
448 1877 489 1912 in
515 1878 703 1922 tempore
731 1876 897 1921 proprie
925 1876 1214 1912 consideratur
1240 1876 1318 1911 hoc
1344 1876 1448 1916 loco,
1476 1885 1551 1920 per
1571 1876 1882 1912 successionem
1903 1876 1979 1912 sci-
1998 1882 2033 1908 25

311 1942 408 1977 licet
434 1941 622 1986 partium.
674 1941 776 1976 Nam
804 1941 838 1977 si
864 1941 982 1985 plura
1005 1940 1204 1976 instantia
1238 1940 1278 1976 in
1307 1940 1483 1976 diversis
1523 1941 1746 1977 existentia
1773 1941 1980 1985 quandam

313 2006 546 2050 temporum
574 2004 918 2050 compositionem
944 2004 1110 2045 faciant,
1144 2014 1227 2040 non
1266 2005 1330 2040 est
1365 2004 1462 2040 illud
1498 2005 1660 2049 tempus
1697 2005 1978 2050 compositum,

314 2070 423 2115 quod
450 2070 515 2105 hic
543 2069 768 2105 attenditur
793 2079 869 2114 per
895 2069 1207 2105 successionem
1244 2069 1422 2113 partium
1457 2069 1567 2104 circa
1603 2069 1711 2105 idem
1748 2069 1979 2106 subiectum

313 2143 392 2170 nec
418 2135 522 2169 hora
548 2134 615 2169 vel
642 2133 730 2169 dies
757 2133 989 2178 appellatur
1023 2132 1276 2168 continuatio
1316 2134 1548 2177 temporum
1587 2133 1698 2168 circa
1735 2133 1889 2178 aliquid
1928 2134 1978 2170 de

313 2199 477 2239 mundo,
507 2198 581 2234 sed
609 2198 719 2234 circa
739 2198 873 2243 ipsum
895 2199 1023 2233 totum
1046 2199 1086 2233 et
1110 2197 1206 2233 licet
1226 2207 1294 2233 res
1317 2197 1524 2233 discretae
1546 2197 1627 2233 sint
1648 2198 1795 2242 quibus
1816 2199 1978 2244 tempus
1999 2205 2034 2230 30

313 2263 432 2303 inest,
449 2272 531 2298 non
548 2263 681 2298 minus
703 2271 777 2307 per
798 2262 1112 2298 successionem
1127 2271 1242 2298 more
1264 2271 1398 2306 aquae
1420 2262 1606 2298 fluentis1
1628 2263 1980 2300 continuationem

312 2329 449 2364 habet.
502 2327 661 2372 Quippe
690 2327 747 2363 ita
779 2337 862 2363 una
888 2337 984 2372 pars
1020 2327 1139 2363 alteri
1173 2327 1367 2369 succedit,
1401 2328 1445 2363 ut
1483 2328 1595 2363 nulla
1632 2327 1796 2372 penitus
1835 2337 1978 2364 morae

314 2393 511 2428 distantia
538 2393 589 2428 sit
615 2392 721 2428 inter
748 2392 1018 2437 praeteritum
1046 2392 1206 2427 instans
1235 2393 1276 2427 et
1302 2401 1506 2436 praesens
1534 2392 1599 2427 vel
1636 2392 1744 2428 inter
1777 2402 1978 2437 praesens

315 2459 355 2493 et
381 2457 571 2493 futurum.
624 2456 666 2492 Si
692 2466 793 2492 vero
822 2457 910 2492 eius
945 2457 1199 2492 continuatio
1229 2457 1322 2492 talis
1351 2458 1465 2492 esset
1492 2457 1624 2501 qualis
1659 2457 1795 2493 lineae
1822 2458 1888 2493 vel
1915 2467 1979 2494 ce-

312 2522 494 2556 terorum
524 2520 824 2561 continuorum,
853 2529 1025 2564 quorum
1052 2521 1193 2564 partes
1221 2522 1517 2564 permanentes
1555 2520 1633 2556 sibi
1670 2520 1790 2556 simul
1827 2521 1978 2557 adhae-
1998 2532 2032 2557 35

313 2586 415 2625 rent,
443 2594 525 2620 non
553 2586 698 2629 posset
724 2585 764 2620 id
791 2593 896 2625 esse,
932 2584 1013 2620 nisi
1039 2584 1276 2620 continuum
1314 2586 1428 2620 esset
1463 2585 1704 2620 subiectum.
1756 2584 1838 2621 Sed
1873 2585 1979 2621 sicut

315 2648 481 2683 diverso
509 2648 631 2683 modo
660 2657 685 2683 a
721 2648 872 2683 ceteris
900 2647 1199 2692 quantitatibus
1238 2649 1401 2692 tempus
1438 2649 1702 2684 mensuratur
1736 2648 1977 2690 subiectum,

313 2712 419 2748 sicut
461 2712 796 2753 monstravimus,
836 2712 892 2748 ita
928 2713 968 2747 et
1003 2712 1123 2748 aliter
1161 2712 1399 2748 continuum
1443 2714 1517 2753 est,
1556 2721 1630 2757 per
1667 2713 1978 2749 successionem

314 2777 472 2812 scilicet
492 2777 823 2812 transitoriarum
842 2777 1031 2822 partium.
1070 2776 1117 2812 Et
1136 2777 1306 2822 insuper
1327 2786 1352 2813 a
1373 2777 1667 2821 quibusdam
1689 2777 1837 2813 dicitur
1855 2778 1977 2814 aliam

314 2842 503 2877 naturam
538 2841 693 2877 habere
730 2842 782 2877 ab
816 2842 907 2877 aliis
943 2841 1114 2887 integris
1130 2845 1154 2876 2.
1206 2841 1305 2877 Cum
1345 2842 1454 2877 enim
1494 2842 1645 2877 ceteris
1684 2842 1780 2878 totis
1818 2852 1978 2887 perma—
1996 2855 2031 2880 40

314 2906 506 2941 nentibus
532 2915 710 2942 necesse
737 2906 790 2941 sit
817 2906 1001 2951 singulas
1030 2916 1172 2942 eorum
1202 2907 1344 2951 partes
1367 2906 1562 2948 existere,
1590 2907 1664 2942 sed
1685 2916 1768 2942 non
1789 2916 1872 2942 una
1893 2907 1977 2943 exi-

314 2971 448 3005 stente
476 2971 593 3014 parte
615 2979 790 3006 necesse
813 2972 876 3006 est
895 2971 1025 3006 totum
1047 2980 1230 3006 manere.
1281 2970 1400 3006 Unde
1422 2971 1547 3006 etiam
1568 2971 1664 3006 illud
1683 2972 1846 3007 constat
1867 2971 1976 3016 quod

459 3102 467 3123 ¹
500 3103 550 3134 Cf.
579 3103 712 3141 ovid,
740 3103 813 3135 Ars
841 3104 956 3135 amal.
984 3103 1046 3135 III
1069 3104 1123 3135 62.
1231 3102 1246 3124 2
1276 3103 1425 3134 AbaeI.
1455 3103 1475 3134 l.
1505 3112 1543 3141 0.,
1572 3112 1604 3143 p.
1636 3103 1711 3135 187.
