2200 3387
506 239 537 271 2.
566 238 630 271 Die
658 239 814 271 (ilos-sen
843 248 885 271 zu
913 239 982 270 den
1014 238 1246 282 Katogorien.
1275 256 1318 261 —-
1350 241 1399 272 l)e
1428 242 1643 274 substantia.
1848 240 1912 274 1:39

237 334 419 370 fortasse
448 346 500 371 ex
530 338 672 372 nostra
700 335 965 375 discretione,
1002 337 1041 370 ut
1078 336 1269 372 diximus.
1324 337 1440 373 l'nde
1469 340 1509 374 et
1536 339 1843 375 Aristoteles
1872 339 1911 375 in

237 400 345 436 Peri
369 402 606 437 ermeniis
621 405 651 436 ¹:
675 408 862 439 ,nomem
879 401 1019 446 inquit.
1037 404 1089 438 ,et
1105 402 1274 437 verbum
1293 403 1344 437 sit
1361 403 1484 439 dictio
1500 405 1601 441 sola.
1617 405 1811 448 quoniam
1830 415 1910 441 non

237 468 326 507 <est
342 467 505 507 dicere>
519 466 698 511 aliquem
716 466 1020 511 significantem
1037 467 1097 502 sie
1111 477 1214 503 voce
1232 468 1451 504 enuntiare
1469 472 1569 505 etc.·.
1587 470 1666 505 Sed
1685 480 1761 506 nee
1778 471 1912 507 ,curri-

238 533 312 567 tur·
341 541 511 567 sensum
540 531 834 576 propositionis
864 531 1005 576 implet
1033 541 1110 568 nec
1132 532 1256 568 habet
1278 532 1488 569 diversum
1518 544 1687 570 sensum
1715 544 1739 570 a
1761 535 1911 571 ceteris

239 597 528 641 personalibus
557 597 708 635 verbis.
738 597 846 633 unde
875 597 913 632 in
937 606 988 633 ea
1017 597 1250 637 resolvitur,
1279 598 1405 634 veluti
1433 608 1522 634 cum
1553 599 1699 635 dicitur
1727 601 1913 638 ,curritur

185 926 215 950 lb*

179 2355 212 2379 30

179 2687 213 2711 :55

236 671 260 697 a
288 671 364 700 me.
393 671 417 698 a
444 664 496 700 te,
524 662 575 698 ab
605 662 696 700 illo·.
725 662 763 698 id
793 664 872 698 est:
908 672 998 707 ‚ego
1026 672 1158 701 curro,
1187 665 1228 698 tu
1256 663 1399 702 curris.
1435 664 1500 700 ille
1528 664 1676 700 currir.
1729 665 1769 701 Si
1802 666 1910 701 enim

237 729 505 772 proponeret:
535 736 690 765 ,cursus
718 727 763 763 i'it
792 728 854 763 vel
884 737 1031 764 cursus
1060 731 1146 765 est:
1175 738 1340 764 cursum
1369 729 1408 765 in
1432 729 1618 765 essentia
1645 730 1911 776 significaret.

237 802 317 828 non
347 791 385 828 in
414 792 661 829 adiacentia.
714 793 898 838 Apparet
925 793 1064 838 itaque
1093 793 1244 829 nullum
1273 795 1445 830 verbum
1474 795 1539 830 vel
1561 804 1708 831 vocem
1730 795 1910 840 aliquam

238 855 540 901 incomplexam
572 866 740 892 sensum
770 857 1067 902 propositionis
1096 867 1344 903 proponere.
1383 858 1421 894 id
1450 860 1514 894 est
1542 869 1677 904 neque
1700 859 1911 895 affirmare

237 919 390 964 aliquid
420 929 556 965 neque
584 929 752 966 negare.
783 923 979 965 quantum
1015 921 1066 958 ad
1095 921 1176 957 vim
1211 922 1326 957 vocis
1360 922 1547 967 pertinet.
1600 923 1640 958 In
1664 923 1909 968 quibusdam

236 986 375 1021 tamen
409 985 460 1020 ad
502 985 795 1021 discretionem
838 987 1021 1022 nostram
1051 996 1200 1022 sensus
1228 987 1526 1032 propositionis
1559 988 1750 1027 innuitur.
1791 990 1832 1024 ut
1870 988 1910 1024 in

236 1058 378 1090 ,curro
418 1059 507 1095 ego
535 1058 680 1088 curro·v
709 1050 748 1086 in
778 1051 974 1088 ,curritur
1011 1052 1075 1088 vel
1104 1052 1142 1088 in
1179 1052 1323 1090 ,currit
1360 1053 1523 1097 ‚aliquid
1551 1053 1699 1089 currit:
1751 1052 1910 1090 Scimus

236 1115 344 1151 enim
375 1122 516 1153 curro*
546 1115 636 1151 sine
660 1124 760 1161 ,ego
790 1116 1090 1161 perfectionem
1112 1127 1259 1153 cursus
1282 1127 1363 1153 non
1392 1118 1548 1154 habere
1577 1128 1654 1155 nec
1677 1119 1822 1157 ,currit‘
1846 1120 1910 1155 vel

236 1181 433 1216 curritur·
463 1181 542 1217 dici
570 1191 710 1226 posse,
747 1182 826 1217 nisi
859 1182 1012 1227 aliquid
1050 1185 1198 1218 currat.
1250 1183 1367 1219 Nulla
1403 1184 1542 1229 itaque
1579 1184 1813 1220 differentia
1849 1186 1911 1220 est

199 1252 214 1275 ⁵
237 1245 276 1280 in
305 1254 431 1281 sensu
460 1246 693 1284 verborum.
722 1255 830 1291 quae
859 1256 911 1282 ex
940 1247 1088 1282 eadem
1116 1249 1279 1292 sumpta
1307 1249 1402 1283 sunt
1429 1248 1684 1293 proprietate
1712 1250 1910 1293 quantum

236 1310 287 1346 ad
310 1320 506 1346 numeros
530 1311 595 1347 vel
617 1313 807 1356 tempora
829 1312 895 1348 vel
917 1312 1075 1349 modos.
1098 1312 1138 1348 id
1166 1314 1230 1349 est
1251 1312 1428 1349 affectus
1457 1313 1594 1349 animi.
1639 1313 1757 1350 Unde
1779 1323 1909 1352 ‚curro

236 1376 377 1412 curris.
405 1376 541 1412 currit·
571 1377 635 1412 vel
666 1377 860 1415 curritur·
891 1377 928 1413 in
960 1378 1069 1413 nullo
1098 1378 1294 1414 differunt
1321 1378 1548 1414 secundum
1578 1388 1759 1414 sensum.

867 1537 939 1577 De
973 1536 1266 1577 substantia.

377 1626 638 1663 Substantia.
702 1626 829 1663 Facta
867 1627 1213 1664 annumeratione
1248 1627 1608 1673 incomplexorum
1654 1637 1730 1673 per
1766 1628 1910 1664 decem

181 1718 195 1726 .
235 1690 669 1735 praedicamentorum
704 1690 1031 1736 significationes
1064 1692 1366 1728 convenienter
1398 1692 1535 1728 statim
1568 1692 1909 1737 praedicamenta

235 1755 416 1800 disponit
443 1755 646 1801 incipiens
673 1766 698 1792 a
725 1756 1066 1801 praedicamento
1095 1757 1367 1794 substantiae.
1406 1767 1480 1802 pro
1517 1766 1567 1793 eo
1605 1757 1763 1794 scilicet
1799 1757 1908 1802 quod

234 1820 495 1856 substantiae
511 1821 755 1857 naturaliter
767 1821 919 1857 ceteris
936 1822 1061 1857 rebus
1084 1822 1246 1867 priores
1267 1824 1378 1866 sunt;
1400 1822 1518 1868 ipsae
1539 1832 1718 1867 namque
1740 1823 1907 1859 omnino

234 1885 274 1921 in
304 1888 452 1922 natura
479 1886 740 1923 substantiae
769 1887 860 1923 sine
889 1887 979 1923 aliis
1008 1888 1132 1923 rebus
1160 1887 1393 1924 subsistere
1422 1888 1460 1923 in
1496 1898 1543 1924 se
1577 1890 1762 1933 possent.
1800 1888 1907 1924 aliae

235 1960 334 1988 vero
363 1951 453 1988 sine
481 1952 733 1991 substantiis.
762 1952 802 1988 in
824 1952 972 1997 quibus
993 1954 1035 1989 ut
1062 1953 1102 1988 in
1131 1953 1320 1989 subiecta
1340 1953 1516 1990 materia
1537 1955 1643 1992 sunt.
1671 1954 1908 1990 nullatenus

179 2029 194 2053 2
235 2027 331 2053 esse
359 2018 510 2054 valent.
562 2017 731 2054 Modus
758 2028 858 2055 vero
887 2019 1148 2055 tractandi
1175 2019 1216 2054 in
1244 2019 1322 2055 hoc
1355 2019 1696 2064 praedicamento
1724 2019 1817 2056 talis
1844 2020 1909 2055 est

233 2083 342 2128 quod
371 2083 491 2128 quasi
511 2084 634 2120 talem
657 2084 828 2120 fecisset
848 2084 1096 2121 divisionem
1118 2085 1169 2120 de
1191 2085 1428 2121 nominibus
1450 2085 1775 2122 substantiarum
1798 2085 1906 2130 quod

232 2148 315 2185 alia
340 2151 435 2185 sunt
460 2149 620 2194 primae
647 2150 918 2188 substantiae.
947 2150 1026 2186 alla
1055 2151 1279 2189 secundae.
1313 2152 1464 2187 tractat
1488 2151 1723 2187 alternatim
1751 2151 1906 2197 primas

233 2216 275 2250 et
301 2215 510 2251 secundas
537 2215 660 2251 modo
688 2224 929 2260 exsequens
963 2216 1243 2261 proprietates
1276 2216 1511 2261 primarum.
1545 2217 1668 2253 modo
1706 2217 1907 2253 secunda-

233 2289 333 2315 rum.
384 2279 544 2316 Deinde
572 2280 797 2327 investigat
823 2281 1077 2326 generaliter
1107 2281 1289 2317 omnium
1323 2282 1649 2318 substantiarum
1684 2283 1907 2319 communi-

234 2346 341 2381 tates
368 2346 450 2380 tam
479 2345 517 2381 in
546 2345 719 2382 vocibus
747 2355 869 2391 quam
898 2346 938 2382 in
967 2347 1103 2387 rebus,
1132 2347 1266 2383 donec
1293 2347 1514 2392 perveniat
1539 2348 1591 2384 ad
1623 2348 1788 2393 proprie
1816 2358 1907 2393 pro-

233 2410 377 2455 prium,
394 2420 468 2456 per
483 2411 592 2456 quod
609 2411 789 2447 maxime
806 2421 1008 2457 queamus
1030 2412 1306 2448 substantiam
1328 2419 1599 2458 cognoscere.
1621 2412 1668 2449 Et
1689 2414 1905 2451 attende.

233 2476 342 2521 quod
372 2476 411 2512 in
446 2476 525 2512 hoc
557 2477 900 2522 praedicamento
939 2478 1119 2514 maxime
1157 2487 1330 2514 vocum
1368 2479 1648 2524 proprietates
1682 2479 1827 2524 aperit.
1865 2479 1904 2515 in

232 2541 382 2578 ceteris
409 2551 510 2578 vero
539 2542 763 2587 praecipue
800 2552 961 2579 rerum
1000 2545 1209 2579 naturas
1247 2544 1439 2580 ostendit.
1492 2544 1576 2580 Nec
1612 2544 1775 2589 quidem
1814 2545 1905 2581 sine

232 2615 361 2641 causa
393 2605 458 2642 hic
492 2606 542 2642 de
571 2606 752 2645 vocibus.
791 2607 831 2642 in
868 2607 959 2643 aliis
996 2607 1048 2643 de
1087 2608 1212 2644 rebus
1251 2610 1411 2644 tractat.
1463 2608 1563 2644 Nam
1598 2608 1779 2645 fortasse
1813 2610 1906 2645 sub-

234 2671 478 2707 stantiarum
506 2673 654 2708 natura
681 2672 814 2718 magis
842 2674 906 2708 est
933 2673 1099 2718 cognita
1127 2683 1249 2718 quam
1278 2673 1553 2709 accidentium
1576 2674 1641 2710 vel
1669 2677 1903 2710 ceterarum

233 2736 457 2772 formarum
480 2735 658 2781 ideoque
680 2737 815 2773 minus
837 2737 948 2773 circa
970 2747 1038 2773 res
1061 2748 1168 2782 quae
1190 2739 1449 2774 substantiae
1473 2740 1578 2776 sunt.
1602 2739 1903 2775 immorandum

233 2803 332 2837 erat.
386 2801 502 2837 Unde
530 2802 840 2846 praetermissis
868 2803 1016 2838 rebus
1045 2803 1226 2838 maxime
1255 2813 1404 2839 voces
1439 2804 1703 2848 persequitur
1729 2806 1769 2840 et
1797 2805 1903 2840 bene

232 2868 453 2902 tractatum
487 2875 634 2902 vocum
669 2866 763 2903 huic
798 2867 1137 2912 praedicamento
1179 2869 1421 2906 reservavit.
1463 2869 1558 2913 quia
1597 2869 1755 2905 scilicet
1795 2869 1905 2905 circa

1939 1595 2074 1630 Boeth.

1940 1654 1975 1686 p.
1992 1644 2057 1677 181
2070 1643 2103 1678 D

234 2930 488 2965 substantias
516 2930 648 2975 magIs
675 2931 914 2966 abundabat
943 2931 1189 2968 nominibus,
1218 2932 1370 2977 quippe
1399 2932 1463 2967 hic
1492 2932 1618 2968 multa
1643 2943 1802 2977 genera
1830 2933 1834 2977 Ι
1865 2934 1905 2969 et
1934 2938 1955 2970 r.
1985 2938 2052 2970 207·

375 3059 393 3090 2
422 3059 474 3090 sic
502 3067 598 3090 corr.
627 3058 654 3090 A
756 3060 775 3089 3
804 3060 860 3090 est
886 3059 1008 3091 dicere
1037 3059 1170 3091 addidi
1196 3068 1239 3091 ez
1267 3060 1394 3092 [wem.
1496 3061 1513 3092 7
1545 3063 1751 3101 proponent
1778 3061 1805 3093 A

378 3129 385 3150 ¹
416 3130 564 3162 Boeth.
595 3130 615 3162 I.
645 3139 684 3167 r..
713 3131 734 3162 t.
765 3130 800 3164 ll.
832 3139 863 3170 p.
896 3130 1013 3166 11:22⁵.
1039 3131 1080 3167 ³⁴⁰,
1111 3130 1211 3162 11:³¹.
