2200 3387
607 246 636 278 2.
666 245 731 277 hle
759 245 916 277 Glossen
943 253 987 276 zu
1016 244 1085 276 den
1114 244 1348 284 Kutegorien.
1378 261 1421 265 —·
1451 244 1503 276 De
1533 243 1657 276 Priori.
1900 241 1970 275 203

289 342 341 378 ad
371 341 506 382 ,homo
534 344 609 381 est,
637 343 701 378 est
729 348 853 380 vera,
889 341 985 386 quia
1018 341 1177 377 scilicet
1210 340 1266 376 ita
1303 342 1367 376 est
1401 340 1440 376 in
1479 350 1534 381 re,
1563 341 1671 386 quod
1711 341 1804 376 dum
1844 341 1967 376 homo

289 408 364 447 est,
398 416 500 444 vera
527 409 592 443 est
619 407 752 443 oratio
780 416 861 452 qua
889 406 1036 442 dicitur
1073 406 1182 451 quod
1211 406 1333 441 homo
1374 407 1448 446 est,
1489 407 1530 441 et
1568 406 1834 445 convertitur.
1873 405 1968 450 quia

291 472 414 508 homo
442 474 515 510 est,
543 472 583 508 id
606 474 671 509 est
692 473 770 508 hoc
791 471 899 517 quod
922 471 1046 507 homo
1068 473 1142 509 est.
1168 470 1435 510 convertitur,
1455 471 1654 506 subaudis
1675 471 1725 506 ad
1749 470 1967 507 veritatem

289 538 596 583 propositionis.
649 538 683 574 A
711 537 800 582 pari
834 537 898 573 vel
933 546 958 572 a
997 538 1114 581 parte
1155 536 1457 575 conversionis,
1494 536 1591 581 quIa
1630 536 1852 572 conversio
1887 536 1969 571 alia

252 609 268 633 5
289 603 478 649 simplex.
515 603 597 639 aha
630 612 706 648 per
740 602 1138 647 contrapositionem
1176 602 1218 637 et
1253 610 1395 637 rursus
1435 601 1517 637 alia
1551 602 1846 646 temporaliter,
1887 602 1969 637 alia

288 668 369 705 alio
398 669 532 705 modo.

431 733 540 769 Nam
567 733 605 769 si
631 742 728 769 vera
758 734 825 768 est.
878 731 988 768 Vere
1016 731 1274 767 convertitur
1302 731 1437 772 ,homo
1466 732 1553 772 est‘,
1581 731 1679 776 quia
1716 731 1875 767 scilicet
1912 731 1969 767 ita

288 800 352 835 est
372 798 413 835 in
435 808 491 837 re,
519 798 628 844 quod
651 798 745 834 dum
774 807 876 834 vera
903 798 967 833 est
994 796 1140 837 oratio,
1168 806 1250 842 qua
1277 796 1424 832 dicitur
1451 796 1560 841 quod
1588 796 1711 832 homo
1740 798 1814 837 est.
1842 797 1966 833 horno

287 865 362 900 est.
414 863 449 900 A
475 863 564 909 pari
592 863 779 900 similiter
804 862 870 899 vel
898 872 923 898 a
949 864 1067 907 parte
1095 862 1397 898 conversionis.
1449 862 1518 898 Est
1539 864 1695 898 autem.
1742 862 1966 907 Postquam

236 941 266 966 10
287 929 520 975 assignavit
546 930 731 965 mutuam
758 928 1069 964 comitationem
1098 927 1207 964 inter
1240 928 1436 964 eventum
1470 927 1529 963 rei
1563 929 1604 963 et
1631 927 1851 964 veritatem
1878 937 1970 973 pro-

286 994 517 1040 positionis,
552 994 742 1039 assignat
768 993 865 1039 quid
901 993 1019 1029 cuius
1055 993 1107 1029 sit
1142 1002 1283 1034 causa,
1320 994 1497 1029 eventus
1521 992 1525 1038 Ι
1549 993 1707 1029 scilicet
1742 993 1804 1030 rei
1840 1003 1967 1029 causa

286 1059 474 1096 veritatis
501 1059 797 1105 propositionis
824 1060 866 1096 et
893 1059 988 1096 ideo
1016 1059 1261 1095 naturaliter
1288 1060 1352 1095 est
1379 1059 1501 1104 prior.

428 1122 710 1160 Continuatio:
749 1123 842 1159 Dixi
869 1123 1092 1159 veritatem
1128 1123 1424 1169 propositionis
1452 1123 1491 1159 in
1521 1123 1790 1160 comitatione
1819 1123 1969 1159 eodem

285 1189 409 1226 modo
438 1198 484 1225 se
511 1189 670 1225 habere
698 1189 750 1225 ad
778 1191 975 1225 eventurn
1003 1188 1074 1230 rei,
1113 1189 1188 1225 sed
1222 1198 1305 1225 non
1334 1189 1484 1225 eodem
1512 1189 1636 1225 modo
1664 1199 1711 1225 se
1741 1189 1898 1225 habere
1916 1189 1968 1226 in

234 1261 265 1286 1⁵
285 1256 445 1296 natura,
474 1254 570 1300 quia
597 1254 756 1291 scilicet
782 1254 939 1291 veritas
966 1254 1266 1300 propositionis
1293 1264 1378 1290 non
1400 1256 1465 1291 est
1492 1264 1623 1291 causa
1644 1256 1834 1295 eventus,
1862 1254 1970 1291 sicut

286 1322 463 1357 eventus
500 1329 629 1357 causa
665 1322 729 1356 est
764 1320 907 1365 ipsius.
959 1319 1007 1356 Et
1045 1320 1124 1356 hoc
1165 1321 1244 1356 est:
1284 1320 1354 1356 E'st
1395 1322 1541 1356 (tutem
1569 1321 1644 1356 etc.
1698 1319 1817 1360 Quod
1859 1330 1969 1365 ‚quo-

286 1385 508 1423 dammodo
536 1390 688 1427 causa‘,
716 1386 810 1422 ideo
833 1385 991 1427 dicitur,
1019 1386 1129 1431 quod
1151 1385 1263 1422 nulla
1284 1387 1349 1422 est
1370 1386 1421 1422 de
1443 1387 1638 1431 quattuor
1659 1386 1807 1422 causis.
1854 1386 1969 1422 Dum

286 1452 413 1489 enim.
465 1451 575 1488 Vere
611 1461 681 1488 res
718 1453 783 1488 est
818 1451 1126 1497 quodammodo
1155 1460 1296 1495 causa,
1323 1451 1420 1496 quia
1455 1451 1535 1487 hoc
1571 1451 1695 1487 modo
1730 1452 1839 1497 quod
1876 1460 1968 1497 pro—

285 1517 438 1563 positio
466 1516 562 1553 inde
589 1526 691 1553 vera
719 1518 794 1558 est,
822 1517 933 1563 quod
961 1517 1163 1563 contingit
1188 1526 1277 1553 rem
1305 1525 1402 1553 esse
1430 1517 1497 1552 vel
1516 1526 1598 1553 non
1622 1526 1731 1553 esse.
1783 1517 1817 1553 A
1839 1526 1969 1554 causa

231 1588 266 1614 20
286 1583 355 1620 vel
381 1593 406 1619 a
440 1584 558 1629 parte
586 1592 755 1619 causae.

429 1648 511 1685 Sed
532 1649 611 1685 hoc
632 1649 723 1685 loco
739 1648 1180 1694 n0112irrationabiliter
1207 1648 1485 1694 quaeritur,
1514 1657 1605 1685 cum
1627 1648 1724 1685 illud
1744 1649 1854 1694 quod
1876 1659 1968 1694 pro-

284 1714 437 1760 positio
460 1714 567 1757 dicit,
595 1724 678 1751 non
701 1714 754 1751 sit
775 1714 913 1760 aliqua
935 1714 1130 1756 essentia,
1152 1714 1360 1760 quomodo
1383 1723 1476 1751 eam
1499 1724 1671 1750 causam
1693 1715 1964 1760 appellemus.

287 1779 449 1826 Quippe
477 1789 606 1816 causa
632 1781 672 1816 et
707 1779 883 1816 effectus
911 1789 936 1816 a
970 1779 1242 1816 relationibus
1269 1780 1435 1825 sumpta
1462 1789 1559 1816 esse
1587 1779 1792 1821 videntur,
1820 1780 1966 1816 relatio

285 1847 424 1882 autem
452 1845 518 1881 vel
549 1845 689 1891 aliqua
720 1845 956 1891 proprietas
990 1844 1031 1881 in
1069 1854 1119 1881 eo
1147 1845 1257 1890 quod
1295 1845 1463 1881 omnino
1503 1855 1586 1881 non
1627 1846 1702 1886 est,
1743 1855 1839 1882 esse
1879 1855 1963 1882 non

230 1928 264 1954 25
285 1912 433 1957 potest.
485 1910 710 1948 Praeterea
736 1910 903 1947 homine
932 1911 1143 1947 destructo
1165 1920 1269 1947 vera
1296 1912 1360 1947 est
1387 1911 1492 1947 haec
1519 1910 1750 1956 propositio
1780 1920 1874 1951 ,non
1902 1912 1967 1947 est

284 1976 432 2016 homo‘,
460 1975 558 2021 quia
582 1975 781 2017 similiter,
810 1976 852 2011 ut
879 1975 970 2021 ipse
998 1975 1105 2015 dicit,
1133 1984 1236 2011 vera
1263 1976 1327 2011 est
1348 1975 1580 2020 propositio
1603 1985 1657 2012 ex
1677 1984 1727 2011 eo
1755 1975 1866 2021 quod
1893 1985 1962 2012 res

283 2050 367 2078 non
389 2041 464 2083 est,
492 2041 599 2077 sicut
620 2050 673 2078 ex
695 2050 746 2077 eo
769 2041 879 2086 quod
892 2042 967 2077 est.
1020 2040 1102 2077 Sed
1124 2042 1220 2077 tunc
1241 2050 1378 2086 neque
1399 2041 1610 2077 hominem
1632 2051 1803 2077 causam
1825 2051 1964 2087 neque

283 2106 438 2152 aliquid
464 2106 633 2152 proprie
661 2106 848 2143 dicimus.
899 2105 947 2142 Et
973 2116 1118 2142 verum
1148 2108 1213 2143 est
1239 2107 1351 2152 quod
1377 2106 1546 2152 proprie
1584 2116 1667 2143 non
1695 2107 1853 2147 dicitur.
1891 2107 1967 2143 sed

284 2172 607 2219 magnificative‚
642 2172 748 2209 sicut
775 2173 816 2208 et
843 2173 1010 2218 quando
1048 2172 1222 2208 dicimus
1259 2172 1476 2209 victoriam
1516 2181 1613 2208 esse
1650 2181 1822 2209 causam
1859 2172 1967 2214 belli,

229 2251 265 2276 30
285 2238 381 2274 dum
424 2238 560 2284 ipsum
599 2238 751 2274 bellum
791 2239 1020 2275 secundum
1055 2239 1251 2274 eventum
1296 2238 1474 2274 necdum
1516 2239 1580 2275 est
1619 2238 1804 2275 victoria.
1862 2238 1966 2274 Nihil

285 2301 395 2338 enim
422 2301 624 2338 victoriae
651 2302 896 2348 contingere
931 2302 1194 2344 intendimus,
1224 2302 1299 2338 sed
1330 2302 1484 2338 bellum
1521 2304 1692 2348 propter
1728 2303 1838 2339 illam
1874 2303 1967 2339 fieri

285 2368 578 2408 monstramus,
619 2367 807 2404 similiter
851 2368 1183 2414 propositionem
1218 2377 1363 2404 veram
1409 2377 1503 2404 esse
1549 2369 1720 2414 propter
1758 2370 1966 2409 eventum,

285 2432 384 2469 nihil
423 2432 589 2478 quidem
629 2433 799 2469 eventui
843 2433 1131 2475 attribuentes,
1175 2434 1251 2470 sed
1296 2434 1466 2479 propter
1511 2435 1707 2470 eventum
1748 2433 1966 2470 veritatem

284 2498 560 2544 propositioni
596 2499 851 2544 copulantes
893 2499 1002 2545 quod
1038 2498 1219 2535 fortasse
1262 2499 1386 2535 etiam
1420 2501 1568 2536 notare
1605 2499 1743 2538 voluit.
1781 2509 1872 2535 cum
1909 2499 1967 2535 ait

230 2576 265 2601 35
286 2564 481 2600 eventum
530 2564 888 2609 quodammodo
935 2574 1103 2601 causam
1152 2564 1340 2601 veritatis
1386 2564 1696 2610 propositionis.
1774 2564 1966 2610 Ideoque,

285 2628 383 2674 quia
409 2628 568 2665 scilicet
594 2629 823 2666 secundum
850 2629 954 2666 istos
982 2630 1163 2675 quinque
1190 2630 1350 2666 modos.
1402 2630 1436 2666 A
1463 2630 1662 2675 partibus.

431 2776 472 2807 17
501 2775 587 2808 dicit
612 2775 641 2807 A
765 2776 807 2807 34
837 2773 949 2816 quod]
978 2776 1065 2816 quia
1093 2775 1131 2807 A.

1995 990 2017 1022 s.
2045 990 2113 1022 42r
