2200 3387
426 255 456 286 2.
486 254 550 286 Die
577 255 733 287 (ilos-sen
763 264 806 287 zu
834 255 903 287 den
935 255 1166 296 Ruit-gurion.
1200 273 1227 275 --
1263 256 1312 288 l)e
1341 258 1438 296 quadi
1467 261 1502 290 vt
1529 259 1716 298 (unalitate.
1872 258 1939 291 227

265 351 473 387 manerias
502 361 600 387 sese
629 351 899 388 intellexisse.
952 352 1113 398 Quippe
1141 353 1192 388 ad
1221 353 1374 398 aliquid
1401 355 1763 399 generalissimum
1793 356 1843 392 de
1868 356 1935 392 So-

262 418 376 452 crate
405 415 514 452 nullo
542 416 664 452 modo
693 416 851 457 dicitur,
878 417 951 453 sed
979 417 1030 452 ad
1059 417 1211 462 aliquid
1240 421 1458 463 sumptum.

407 481 552 517 Differ!
574 484 713 517 aulem
728 485 749 516 ¹.
797 481 1082 518 Differentiam
1105 483 1293 526 assignat
1309 483 1417 519 inter
1441 484 1621 520 habitum
1646 489 1686 521 et
1708 485 1939 531 dispositio·

263 556 367 583 nem.
396 546 504 591 quod
529 546 720 583 videlicet
749 547 912 583 habitus
943 556 1022 583 non
1052 547 1172 583 facile
1202 551 1391 584 movetur
1412 549 1517 585 sicut
1539 549 1767 595 dispositio,
1820 551 1936 591 Quod

225 621 241 642 5·
262 615 399 648 autem
428 611 505 648 ait:
531 613 862 657 permanentior
887 615 922 648 (Ἰ
951 613 1216 655 ‹litato-nior,
1243 613 1415 650 alterum
1446 615 1615 651 alterius
1638 616 1846 660 expositio
1876 620 1939 653 est

263 687 339 713 nec
352 677 579 713 secundum
595 680 757 722 tempus
775 677 1021 723 accipienda
1044 680 1150 716 sunt.
1176 678 1250 714 scd
1273 679 1500 715 secundum
1524 681 1734 725 qualitatis
1758 682 1938 727 proprie-

260 743 400 779 tatem.
423 741 461 776 in
490 751 541 777 eo
564 741 723 777 scilicet
742 741 851 787 quod
880 741 1113 777 huiusmodi
1144 743 1206 780 sit.
1235 743 1343 788 quod
1374 753 1454 779 non
1484 744 1606 780 facile
1634 746 1767 790 possit
1789 746 1936 790 perire.

260 806 396 844 etiam.
420 810 461 842 ut
483 807 632 843 dietum
656 809 731 844 est.
753 807 787 843 si
811 817 892 843 non
915 807 981 843 diu
1006 808 1282 852 permanserit
1306 808 1343 844 in
1368 809 1567 846 subiecto.
1602 810 1814 846 Passibilis
1837 820 1937 847 vero

259 872 468 917 qualitatis
497 875 537 908 et
564 872 774 917 passionis
802 872 1038 909 differentia
1068 874 1295 909 secundum
1335 877 1498 919 tempus
1536 875 1774 920 accipietur.
1813 877 1850 912 in
1886 886 1936 913 eo

207 946 238 970 ω
258 937 417 974 scilicet
437 938 547 983 quod
571 938 674 974 haec
698 937 738 974 in
761 938 844 974 vita
868 941 1095 983 permanet,
1118 938 1186 974 illa
1208 948 1301 974 non.
1355 939 1472 975 'lales
1492 950 1597 975 vero.
1650 940 1937 986 Exemplificat

257 1002 309 1038 de
338 1001 488 1038 habitu.
541 1002 725 1037 Seiz‘nle‘a
755 1002 882 1038 enim.
935 1001 1252 1039 Commendatio
1276 1006 1340 1039 est
1362 1005 1660 1049 exemplorum.
1684 1015 1732 1041 ac
1753 1006 1785 1041 si
1808 1006 1935 1043 dicat:

258 1066 416 1103 Bonum
445 1066 683 1112 exemplum
711 1066 805 1103 dedi
835 1077 909 1112 per
935 1067 1152 1104 seientiam
1183 1068 1233 1104 de
1263 1069 1402 1105 habitu
1433 1070 1500 1114 qui
1541 1080 1620 1106 non
1658 1070 1780 1107 facile
1818 1081 1937 1117 prae-

257 1132 362 1168 terit.
390 1131 487 1178 quia
514 1132 606 1168 talis
635 1134 699 1168 est
726 1132 912 1168 scientia.
966 1133 999 1168 A
1027 1142 1167 1169 causa.
1220 1133 1266 1169 Et
1295 1135 1371 1170 hoc
1400 1137 1482 1171 est:
1519 1136 1704 1171 Schmun
1734 1137 1847 1173 enim
1880 1138 1936 1173 υἰ-

256 1198 380 1234 detur
404 1208 489 1233 esse
517 1198 566 1233 (Ie
588 1208 768 1233 ›mmero
795 1199 1160 1242 pemnnnenfitwn.
1214 1198 1259 1235 Et
1281 1199 1458 1244 qualiter
1478 1210 1725 1245 permanere
1747 1201 1935 1247 accipiat.

205 1265 237 1291 ¹5
258 1273 340 1299 non
367 1263 562 1300 videlicet
589 1263 817 1300 seeundum
852 1265 1027 1309 tempus.
1056 1264 1130 1300 sed
1168 1264 1452 1301 difficultatem
1491 1268 1638 1303 motus.
1677 1267 1935 1305 determinat.

256 1339 347 1366 cum
371 1329 583 1374 supponit:
611 1331 646 1365 e!
669 1339 816 1365 emam
841 1339 952 1374 quae
973 1330 1277 1371 (l.<'z'ssi(·illim‹2
1311 1333 1634 1372 m.‹soe·eanlur>.
1692 1332 1737 1368 [Ἰ
1764 1333 1801 1368 si
1829 1333 1934 1374 quis.

256 1394 448 1432 Ostendit
469 1404 494 1431 a
511 1394 659 1430 minori
681 1394 897 1430 scientiam
921 1404 1017 1431 esse
1040 1394 1208 1431 difficile
1230 1396 1436 1433 mobilem.
1459 1396 1497 1432 id
1519 1399 1583 1433 est
1605 1406 1696 1433 eam
1719 1398 1933 1435 scientiam

255 1469 364 1505 quae
381 1459 647 1496 mediocriter
667 1459 854 1496 habetur.
877 1459 973 1504 quia
995 1459 1074 1495 etsi
1091 1459 1241 1504 aliquis
1264 1459 1528 1496 mediocriter
1550 1463 1591 1497 et
1613 1465 1735 1503 <non2
1765 1463 1933 1499 multum

256 1526 294 1561 in
322 1525 461 1571 aliqua
487 1525 661 1561 scientia
684 1524 918 1569 profecerit.
938 1524 1035 1560 illud
1058 1525 1260 1561 tantillum
1284 1526 1394 1571 quod
1417 1527 1504 1563 scit.
1528 1536 1610 1563 non
1632 1528 1752 1564 facile
1775 1529 1934 1565 amittit.

200 1592 235 1617 ²³⁰
255 1591 346 1627 Nisi
371 1591 478 1626 sorte
500 1620 506 1626 .
528 1619 534 1625 .
557 1619 563 1625 .
588 1590 647 1626 vel
675 1590 826 1631 aliquo
855 1590 1108 1626 huiusmodi
1135 1600 1237 1627 casu
1264 1592 1448 1635 arandis
1476 1595 1516 1628 et
1551 1592 1729 1629 difficilis
1760 1603 1934 1638 permu-

254 1656 361 1693 tatio
389 1655 614 1701 contingat.
642 1657 684 1691 ut
705 1655 871 1700 quidam
894 1665 1079 1691 summus
1108 1658 1250 1692 orator
1271 1659 1380 1693 teste
1403 1657 1646 1694 Boethio-2
1673 1658 1933 1705 aegritudine

253 1721 523 1766 febribusque
551 1720 750 1757 decoctus
778 1721 909 1757 fertur
936 1730 1100 1757 omnem
1129 1721 1341 1758 literarum
1379 1723 1575 1759 amisisse
1613 1724 1855 1763 doctrinam.
1893 1725 1931 1761 in

253 1787 345 1824 aliis
373 1796 475 1823 vero
504 1787 629 1822 rebus
657 1795 786 1822 sanus
813 1796 862 1822 ac
890 1786 967 1822 sibi
995 1789 1196 1823 constans
1225 1790 1265 1823 et
1293 1787 1332 1823 in
1361 1788 1472 1823 omni
1500 1798 1544 1824 re
1567 1789 1713 1835 vigens
1742 1799 1933 1835 perman-

253 1853 376 1890 sisse.
427 1851 565 1890 Nota.
594 1851 704 1896 quod
732 1851 1041 1887 Aristoteles
1077 1852 1275 1888 scientias
1314 1852 1470 1889 dividat
1507 1863 1531 1889 a
1569 1853 1801 1893 virtutibus.
1839 1865 1930 1892 cum

201 1923 234 1948 25
253 1919 451 1957 Socrates
476 1920 605 1963 ponat
628 1917 889 1962 prudentiam
907 1920 1095 1963 quartam
1112 1917 1296 1963 speciem
1314 1918 1486 1954 virtutis.
1541 1919 1658 1955 L'nde
1687 1919 1931 1957 Boethius

254 1985 294 2021 in
339 1983 670 2020 Commento2¹1
721 1982 1059 2020 Aristoteles.
1108 1983 1248 2029 inquit.
1290 1983 1464 2020 virtutes
1504 1994 1587 2020 non
1629 1985 1840 2026 scientias,
1891 1990 1931 2022 ut

253 2050 460 2087 Socrates.
494 2047 570 2084 sed
603 2048 767 2084 habitus
807 2047 847 2084 in
885 2047 1073 2085 Etllicis
1114 2049 1199 2085 suis
1239 2058 1336 2085 esse
1376 2049 1584 2086 declarat:
1638 2050 1752 2087 Bene
1792 2053 1928 2087 autem

254 2113 559 2152 Aristoteles
588 2113 805 2150 scientiam
835 2124 859 2149 a
886 2113 1038 2150 virtute
1066 2113 1220 2150 dividit.
1250 2114 1346 2159 quia
1384 2115 1560 2152 seientia
1598 2115 1637 2151 in
1676 2116 1930 2153 discretione

252 2183 294 2219 et
319 2179 570 2227 cognitione.
597 2179 694 2224 quid
722 2179 958 2215 faciendum
987 2179 1048 2216 sit.
1077 2179 1173 2224 quid
1202 2189 1296 2219 non.
1333 2180 1536 2218 consistit.
1565 2180 1695 2217 virtus
1723 2183 1861 2217 autem
1891 2182 1929 2217 in

198 2251 232 2274 ³0
252 2245 503 2283 executione
541 2244 631 2280 eius
668 2244 779 2289 quod
817 2244 994 2281 scientia
1029 2245 1205 2291 percipit
1244 2248 1285 2282 et
1324 2246 1430 2282 ratio
1468 2246 1706 2291 persuadet.
1747 2247 1928 2292 alioquin

253 2311 382 2347 virtus
417 2309 507 2346 sine
545 2309 691 2346 merito
726 2312 853 2346 esset.
893 2310 926 2345 si
961 2309 1156 2346 videlicet
1189 2311 1406 2347 scientiam
1447 2311 1640 2348 virtutem
1684 2312 1928 2348 diceremus.

254 2375 415 2421 Quippe
443 2377 485 2411 et
511 2375 551 2410 in
579 2374 718 2420 aliquo
746 2375 923 2411 scientia
955 2384 1084 2421 saepe
1123 2376 1354 2421 praepollet
1391 2379 1432 2413 et
1468 2386 1576 2422 quae
1614 2377 1730 2413 novit
1765 2378 1929 2423 agenda

253 2450 327 2486 per
353 2440 584 2480 scientiam.
612 2440 755 2485 nequit
781 2449 908 2485 agere
936 2450 1012 2486 per
1038 2441 1231 2478 virtutem
1261 2451 1382 2487 quam
1412 2452 1494 2478 non
1522 2442 1658 2479 habet.
1708 2443 1928 2479 SimHiter.

254 2506 371 2543 Unde
400 2505 640 2542 Boethius
656 2509 686 2540 ⁴:
727 2505 880 2552 Neque
924 2506 1033 2542 enim
1071 2507 1139 2552 qui
1179 2507 1308 2544 semel
1346 2507 1454 2544 iuste
1492 2507 1655 2545 iudicat.
1696 2508 1826 2544 iustus
1865 2511 1929 2544 est

200 2582 233 2606 :33
255 2579 390 2616 neque
419 2571 486 2616 qui
515 2571 644 2606 semel
673 2570 919 2607 adulterium
948 2572 1057 2608 facit.
1086 2572 1249 2609 adulter
1276 2576 1351 2609 est.
1389 2573 1462 2609 sed
1497 2583 1587 2609 cum
1627 2573 1705 2610 ista
1735 2573 1928 2610 voluntas

399 2707 417 2738 2
447 2705 576 2737 Differt
604 2705 739 2743 autem}
767 2706 997 2739 differentias
1024 2707 1051 2739 Α
1164 2709 1179 2739 4
1203 2716 1274 2739 non
1300 2708 1405 2740 facile
1427 2708 1485 2740 bis
1507 2705 1546 2740 ἱη
1569 2709 1595 2740 .-{
1714 2709 1752 2739 17
1781 2717 1826 2740 ea
1846 2718 1874 2740 s.
1900 2709 1925 2738 ⁴l

254 2766 296 2798 27
326 2766 437 2798 Eticis
464 2765 491 2797 A
569 2764 658 2803 suis}
686 2774 724 2797 ss
751 2766 777 2797 A
880 2767 925 2797 30
955 2766 1065 2806 quod!
1094 2776 1159 2807 pei·
1186 2767 1211 2799 „i
1315 2767 1357 2798 :52
1387 2767 1532 2807 agendo
1559 2768 1587 2800 A
1695 2769 1737 2799 :53
1766 2776 1832 2807 per
1859 2768 1927 2799 vir-

254 2823 380 2863 tutem]
409 2827 562 2865 propter
588 2824 757 2857 virtutem
787 2826 813 2857 ,l

399 2906 407 2928 ¹
438 2907 548 2939 Pctr.
578 2907 741 2944 Abael„
771 2907 829 2938 Sir·
856 2910 888 2939 (Ἰ
916 2918 991 2940 uon
1021 2918 1049 2940 c,
1083 2910 1157 2943 l-l-l.
1187 2909 1240 2941 l’L
1272 2909 1347 2944 17⁸.
1377 2918 1408 2949 p.
1443 2910 1526 2941 1591
1547 2909 1622 2941 Ait.

396 2967 410 2988 '-'
439 2966 586 2999 Boetli.
615 2967 636 2998 I.
665 2976 704 3002 e..
735 2976 766 3007 p.
795 2967 916 3000 24213.

394 3025 410 3047 ³
436 3026 584 3058 Boetli.
613 3025 634 3058 I.
657 3036 696 3062 c..
725 3035 759 3067 p.
781 3027 847 3059 :242
866 3027 902 3059 C.
956 3028 1007 3059 Cr.
1031 3027 1150 3059 Petri
1179 3028 1513 3067 Abael..l)t'(1[oy.
1537 3028 1590 3060 Pl.
1616 3028 1691 3063 178,
1722 3037 1753 3068 p.
1780 3028 1925 3063 1652&

253 3085 425 3126 Epilome
451 3085 560 3117 theol.
589 3086 754 3126 magistri
782 3085 1018 3118 Hermanni
1050 3087 1102 3119 ΡΙ,
1133 3087 1208 3123 178,
1237 3096 1270 3127 p.
1303 3087 1391 3120 1750
1407 3088 1443 3119 (”.

398 3144 406 3164 ⁴
436 3144 583 3176 Boeth.
612 3145 634 3176 1.
662 3153 701 3179 c..
731 3154 763 3185 p.
793 3145 913 3178 24213.
