2200 3387
516 241 546 271 2.
575 238 640 271 Die
667 238 822 271 Glossen
852 247 893 270 zu
924 238 992 270 deu
1024 237 1256 277 lx'utcgorien.
1322 254 1325 256 -
1359 238 1409 269 De
1437 237 1629 277 oppositis.
1843 233 1910 268 257

239 334 285 372 Ut
306 335 544 380 siemundo.
598 335 656 371 De
674 334 935 373 immediatis,
959 337 1038 370 tarn
1063 334 1114 370 (le
1137 333 1479 370 substantialibus
1502 333 1659 369 scilicet
1675 333 1910 369 nominibus

234 409 356 446 quam
385 401 436 437 de
471 400 657 446 sumptis.
687 400 980 445 exemplificat.
1015 409 1090 444 per
1118 399 1357 444 aegritudo·
1387 398 1551 444 quidem
1582 401 1622 434 et
1650 398 1828 438 ,sanitas
1857 398 1910 434 de

234 466 590 503 substantialibus.
626 474 700 511 per
727 473 823 511 ,par·
862 467 903 501 et
931 465 1083 509 ‚impar-
1115 465 1179 500 vel
1217 464 1456 503 ‚abundans-
1495 466 1535 499 et
1570 464 1820 508 ,perfectuin‘
1860 463 1910 499 de

233 531 419 576 sumptis.
473 532 590 572 Quod
619 531 675 567 ait
704 531 932 577 ‚aegritudo
961 533 1001 565 ct
1029 529 1212 565 sanitas:
1241 529 1330 565 sive
1359 529 1410 564 de
1439 528 1653 564 vocabulis
1681 529 1909 564 secundum

197 603 213 628 ⁵
234 596 584 642 significationem
613 597 702 632 sive
731 597 781 632 (le
810 596 934 632 rebus
964 595 1064 640 ipsis
1099 594 1178 640 legi
1208 597 1357 640 potest.
1410 594 1528 634 Quod
1558 603 1659 629 vero
1687 594 1743 629 ait
1771 603 1843 638 par
1871 598 1911 629 et

233 661 366 707 impar
392 662 637 707 praedicari,
665 662 717 698 de
746 661 959 697 vocabulis
986 662 1050 696 est
1078 660 1255 705 proprie.

376 734 567 777 Quorum
600 744 705 769 vero.
757 733 947 769 Ostensis
983 732 1231 768 immediatis
1259 731 1480 768 contrariis
1509 731 1688 768 ostendit
1720 731 1911 768 mediata.

233 799 342 844 quod
372 807 425 835 ex
453 799 663 835 contrario
693 807 871 844 expone.
925 797 1018 833 Non
1046 798 1173 833 enim.
1227 796 1335 833 Vere
1373 806 1455 833 non
1493 800 1558 833 est
1591 796 1910 833 determinatum

232 864 407 900 alterum
437 865 580 900 horum
610 864 750 900 inesse
779 863 891 900 omni
912 863 1088 908 corpori,
1110 862 1207 908 quia
1234 862 1390 898 scilicet
1412 871 1493 898 non
1517 872 1639 898 omne
1662 871 1814 907 corpus
1836 865 1911 898 etc.

181 929 268 965 10A
298 939 434 966 causa.
486 930 568 965 Sed
602 931 638 965 et
672 938 844 975 pravus.
896 928 1119 974 Postquam
1157 927 1483 973 exemplificavit
1520 927 1570 963 (le
1607 927 1684 963 illis
1722 927 1912 964 mediatis

233 1004 341 1040 quae
371 995 497 1031 multa
524 995 680 1031 habent
701 995 848 1035 media,
877 997 920 1030 ut
941 994 1080 1030 album
1102 995 1143 1030 et
1165 993 1337 1039 nigrum,
1359 993 1517 1029 fuscum
1547 995 1587 1029 ct
1607 992 1801 1038 pallidum
1823 994 1911 1030 etc„

232 1058 517 1104 exemplificat
552 1059 602 1095 de
640 1058 717 1094 illis
745 1068 854 1104 quae
881 1062 1044 1100 <utinm
1075 1047 1278 1098 'runcano
1315 1057 1473 1094 habent
1509 1057 1701 1096 medium.
1738 1060 1781 1093 ut
1817 1059 1912 1093 sunt

232 1123 385 1160 bonum
408 1126 448 1160 et
470 1124 632 1165 malum,
655 1133 763 1169 quae
786 1124 942 1160 liabent
963 1123 1142 1160 medium
1165 1122 1422 1159 indifferens.
1474 1122 1561 1159 Hoc
1583 1124 1721 1159 tamen
1744 1123 1911 1159 nomine

232 1189 343 1234 quod
379 1192 444 1226 est
479 1188 734 1231 indifferens,
772 1191 882 1226 teste
916 1189 1151 1226 Boethiol
1189 1188 1496 1225 Aristoteles
1534 1198 1616 1224 non
1651 1188 1787 1228 utitur,
1815 1188 1912 1233 quia

181 1265 212 1290 ιε»
233 1254 392 1291 scilicet
417 1255 527 1301 apud
555 1255 717 1300 priores
745 1264 827 1291 non
857 1257 958 1294 erat,
986 1255 1062 1290 sed
1090 1264 1114 1290 a
1141 1254 1443 1300 posterioribus
1466 1254 1678 1290 inventum
1700 1256 1764 1289 est
1785 1253 1912 1289 conti—

233 1328 339 1356 nens
367 1329 419 1356 ea
446 1329 553 1365 quae
581 1323 677 1356 sunt
703 1320 810 1356 inter
837 1320 1031 1357 virtutem
1061 1322 1102 1356 et
1129 1319 1421 1365 turpitudinem
1450 1319 1618 1358 scilicet.
1655 1321 1698 1355 ut
1734 1321 1830 1355 sunt
1857 1319 1912 1355 di-

233 1385 371 1426 vitiae,
399 1385 672 1431 pulchritudo,
710 1395 829 1431 quae,
867 1388 910 1422 ut
937 1385 1095 1422 Stoici
1129 1387 1286 1431 putant,
1323 1394 1461 1430 neque
1499 1384 1609 1421 bona
1643 1386 1738 1420 sunt
1774 1393 1911 1429 neque

233 1450 342 1487 mala
368 1453 493 1497 atque
523 1451 618 1487 ideo
647 1450 929 1488 indifferentia
950 1450 1119 1487 nomina
1141 1451 1341 1487 dicuntur.
1394 1450 1535 1486 Potest
1556 1450 1680 1486 etiam
1701 1450 1780 1486 dici
1801 1449 1911 1495 quod

232 1525 308 1562 per
335 1517 487 1553 bonum
525 1518 566 1553 et
599 1517 751 1553 malum
786 1516 1068 1562 exemplificet
1101 1516 1152 1552 de
1187 1516 1250 1552 his
1279 1514 1470 1552 mediatis
1504 1515 1762 1552 naturalibus
1804 1524 1911 1560 quae

178 1593 213 1620 20
233 1581 416 1618 nondum
444 1582 663 1618 actualiter
689 1582 902 1618 habebant
928 1581 1109 1618 medium
1138 1581 1178 1617 in
1206 1590 1323 1618 voce.
1375 1580 1496 1617 Unde
1521 1580 1619 1617 illud
1639 1580 1680 1617 in
1702 1589 1912 1626 sequen-

232 1646 394 1683 tibus’
431 1655 507 1693 per
545 1647 811 1693 negationem
852 1647 1155 1684 contrariorum
1191 1646 1389 1693 assignat.
1441 1646 1489 1683 Et
1529 1647 1686 1682 horum
1726 1646 1910 1692 quidem.

233 1712 432 1759 Assignat
459 1713 596 1749 media
623 1713 808 1758 utrisque
829 1712 1105 1758 suprapositis
1125 1712 1344 1749 contrariis
1367 1711 1568 1748 mediatis.
1621 1711 1670 1747 In
1691 1711 1912 1757 aliquibus

233 1777 389 1823 itaque.
431 1777 778 1824 Quandoquidem
801 1778 864 1814 liis
885 1787 993 1824 quae
1015 1776 1133 1825 [non]
1156 1779 1252 1814 sunt
1272 1778 1379 1814 inter
1399 1777 1538 1813 albuin
1560 1778 1601 1813 et
1621 1777 1794 1823 nigrum,
1816 1779 1912 1813 sunt

232 1842 428 1888 imposita
442 1843 612 1880 nomina
630 1843 755 1880 veluti
771 1843 869 1880 ista:
897 1842 1058 1879 fuscum
1087 1845 1127 1879 et
1147 1843 1361 1888 pallidum;
1384 1851 1484 1889 ergo
1501 1842 1746 1887 quibusdam
1762 1842 1910 1878 mediis

177 1919 212 1945 25
232 1910 327 1943 sunt
355 1908 523 1944 nomina
558 1907 704 1954 posita.
756 1908 790 1944 A
824 1908 1022 1953 partibus.
1075 1907 1124 1943 In
1161 1907 1382 1949 aliquibus
1417 1909 1573 1943 antem.
1625 1905 1909 1943 Continuatio:

205 1989 208 1991 ·
233 1972 343 2009 Inter
369 1973 507 2019 aliqua
533 1973 744 2010 contraria
771 1973 811 2010 in
839 1973 902 2009 his
930 1982 1037 2018 quae
1060 1975 1155 2009 sunt
1176 1973 1217 2008 in
1238 1972 1386 2011 medio.
1408 1973 1610 2009 habemus
1633 1972 1813 2013 nomina.
1835 1972 1910 2008 sed

233 2038 273 2075 in
308 2038 512 2084 aliquibus
545 2039 715 2075 nomina
753 2048 836 2075 non
876 2039 1091 2075 habemus
1143 2038 1192 2074 Et
1232 2048 1319 2074 non
1360 2038 1577 2080 idoneum,
1617 2037 1713 2082 quia
1752 2037 1911 2073 scilicet

232 2105 415 2142 nondum
445 2106 509 2141 est
535 2105 601 2141 vel
629 2105 886 2151 assignatum
915 2104 1174 2141 conveniens
1212 2113 1364 2140 nomen
1393 2103 1458 2140 vel
1486 2103 1693 2141 usitatum.
1730 2102 1805 2140 sed
1842 2103 1910 2139 de-

232 2171 479 2207 terminatur
505 2170 601 2207 illud
629 2171 739 2216 quod
767 2172 832 2207 est
858 2170 1049 2209 medium.
1083 2179 1158 2215 per
1190 2169 1466 2206 remotionem
1500 2171 1768 2214 utrorumque
1802 2178 1909 2205 sum-

178 2246 405 2278 somorum,
440 2236 478 2272 id
507 2237 572 2272 est
599 2238 868 2281 utrorumque
902 2237 1196 2276 extremorum,
1233 2237 1277 2271 ut
1312 2244 1449 2280 neque
1486 2235 1552 2271 est
1588 2234 1741 2271 bonum
1774 2243 1910 2279 neque

232 2301 396 2338 malum.
448 2301 567 2338 Unde
606 2303 746 2347 potest
785 2301 920 2347 colligi
960 2301 1053 2337 talis
1093 2301 1242 2337 divisio
1282 2300 1557 2337 mediatorum
1597 2299 1910 2337 contrariorum.

233 2367 343 2412 quod
365 2367 447 2403 alia
467 2368 563 2403 sunt
583 2367 682 2403 talia
703 2376 876 2412 quorum
899 2366 1194 2403 medietatibus
1216 2368 1312 2402 sunt
1331 2366 1501 2402 nomina
1528 2365 1676 2412 posita.
1705 2365 1786 2402 alia
1816 2375 1910 2401 non.

376 2437 565 2473 Privatio
591 2446 700 2473 vero.
752 2436 850 2473 Post
885 2436 1190 2482 oppositionem
1223 2436 1492 2472 relativorum
1529 2437 1571 2472 et
1603 2435 1905 2472 contrariorum

233 2503 383 2538 tractat
411 2502 719 2548 oppositionem
746 2502 993 2548 privationis
1022 2503 1063 2538 et
1090 2501 1267 2538 habitus.
1319 2501 1522 2538 Videntur
1557 2503 1695 2538 autem
1733 2501 1909 2546 privatio

177 2577 212 2603 35
233 2568 275 2603 et
299 2565 464 2603 habitus
492 2566 659 2612 proprie
687 2576 824 2603 rerum
853 2575 945 2603 esse
982 2566 1152 2602 nomina
1188 2566 1295 2602 sicut
1330 2566 1460 2611 ipsius
1495 2565 1670 2602 visionis
1707 2567 1747 2602 et
1780 2565 1910 2602 caeci-

232 2632 328 2668 tatis
356 2634 397 2668 et
423 2632 731 2678 quodammodo
759 2642 906 2669 vocum
936 2632 1072 2672 etiam,
1099 2632 1234 2678 gratia
1257 2631 1416 2668 scilicet
1436 2641 1573 2667 rerum
1596 2631 1716 2667 sicuti
1738 2631 1909 2667 istorum

231 2697 460 2734 nominum:
501 2698 606 2734 visio
640 2700 682 2734 et
717 2698 919 2741 caecitas;
961 2697 1136 2743 ,privari‘
1178 2706 1279 2733 vero
1313 2699 1353 2733 et
1388 2697 1555 2735 ,habere
1589 2696 1783 2732 habitum*
1819 2695 1911 2741 ipsa

231 2763 503 2800 fundamenta
529 2763 775 2809 privationis
804 2765 845 2799 et
871 2763 1035 2799 habitus
1065 2763 1303 2808 significare
1325 2762 1521 2798 videntur
1541 2763 1606 2798 vel
1629 2762 1797 2797 nomina
1818 2761 1908 2806 ipsa

230 2828 608 2870 fundamentorum,
636 2829 742 2865 haec
770 2828 945 2865 scilicet:
974 2828 1122 2864 videns
1151 2829 1192 2864 et
1213 2837 1396 2864 caecum.
1449 2827 1566 2863 Unde
1589 2827 1628 2862 in
1652 2825 1909 2872 sequenti-

373 2975 393 3007 9
415 2972 538 3014 omne]
559 2982 643 3007 esse
666 2974 695 3005 A
804 2974 844 3005 12
867 2982 975 3005 unum
998 2975 1137 3006 tantum
1158 2973 1306 3013 scripsi,
1330 2973 1471 3005 lacuna
1494 2973 1532 3005 ιἰι
1555 2973 1580 3005 Λ
1680 2973 1720 3004 17
1741 2972 1857 3011 Stoyci
1879 2973 1906 3004 A

235 3033 277 3065 19
305 3032 521 3065 naturaliter
547 3031 574 3064 A
677 3032 720 3064 30
749 3034 785 3064 ut
812 3029 949 3072 neque]
977 3033 1089 3072 utque
1116 3031 1143 3064 A
1265 3031 1305 3063 31
1337 3031 1399 3063 tali
1427 3031 1455 3063 A

378 3115 386 3137 ¹
415 3115 564 3148 Boeth.
593 3115 614 3148 l.
643 3124 682 3153 c.,
711 3124 744 3156 p.
774 3114 840 3148 268
857 3115 893 3148 Β.
1016 3114 1031 3136 2
1057 3115 1208 3148 Boeth.
1238 3114 1260 3147 l.
1288 3123 1326 3152 c.,
1355 3123 1387 3155 p.
1417 3113 1483 3147 267
1501 3114 1541 3146 Α.

1944 2406 2076 2442 Boeth.

1935 2465 1970 2498 p.
1985 2454 2056 2489 *269
2064 2454 2094 2489 A
