2200 3387
425 248 455 279 2.
486 246 550 278 Dic
573 245 727 278 Glossen
751 255 792 277 zu
816 245 884 277 den
910 245 1144 285 Kutegorien.
1236 244 1285 276 nn·
1311 245 1386 278 l'bi.
1410 245 1574 281 Quando,
1599 245 1752 276 Habere.
1872 243 1931 276 251

401 335 446 373 Et
476 340 594 373 nota
621 335 731 382 quod
759 336 865 372 haec
893 336 1031 372 omnia
1059 335 1245 372 nomina:
1276 345 1461 372 annuus.
1485 338 1731 371 menstruus.
1755 335 1938 373 diurnus.

258 401 494 438 hodiernus*
519 404 684 447 sumpta
706 411 803 438 esse
827 401 1021 438 videntur
1042 410 1123 437 non
1146 410 1170 436 a
1193 402 1392 445 tempore.
1416 401 1489 436 sed
1508 410 1532 436 a
1549 401 1735 441 Quando.
1766 401 1937 437 Annuus

255 467 364 503 enim
394 477 479 503 rem
509 467 681 504 denotat
708 467 938 503 secundum
967 466 1044 503 hoc
1072 466 1181 511 quod
1210 475 1285 511 per
1311 476 1464 502 annum
1495 466 1646 503 existit.
1676 467 1743 511 qui
1773 466 1936 510 quidem

254 541 399 570 annus,
440 532 534 568 licet
574 542 654 568 non
697 531 862 568 existat.
899 531 1133 577 proprietas
1169 534 1307 567 tamen
1351 534 1579 576 permanet.
1621 540 1728 575 quae
1772 535 1940 575 propter

216 607 232 630 ⁵
255 606 347 633 eum
379 597 499 634 inest.
552 597 628 633 Diu
657 606 822 642 quoque
852 597 917 632 vel
945 596 1163 632 diuturnus
1193 596 1255 632 iel
1295 597 1466 641 pridem.
1497 605 1604 640 quae
1633 601 1938 640 comparantur.

252 672 277 698 a
305 661 494 703 Quando.
523 672 603 698 non
633 673 656 699 a
686 666 874 708 tempore
903 663 1068 707 sumpta
1095 665 1201 698 sunt.
1254 661 1415 707 Quippe
1445 661 1654 706 quantitas
1689 662 1740 697 ad
1776 671 1939 706 compa-

254 727 457 764 rationem
481 737 563 764 non
581 728 705 764 venit.
747 726 922 768 Quando
947 727 1086 773 itaque
1109 727 1464 772 comparationem
1492 727 1648 772 recipit.
1673 727 1746 764 sed
1772 728 1939 763 omnino

253 794 550 830 contrarietate
578 802 724 830 carere
753 793 926 830 videtur.
976 792 1171 829 Futurum
1200 801 1365 838 quoque
1401 795 1442 829 et
1477 802 1681 837 praesens
1711 795 1750 829 et
1779 796 1940 837 praete-

253 859 373 895 ritum
412 859 671 896 Boethius¹
708 859 758 896 ad
800 858 1149 904 significationen]
1193 858 1368 898 Quando
1411 861 1634 903 retorquet.
1688 858 1788 894 Cum
1830 859 1937 894 enim

202 931 232 956 ¹0
254 924 359 961 haec
387 925 623 962 substantia
650 934 854 970 praesens
882 924 1040 960 dicitur.
1070 924 1166 970 quia
1201 926 1265 960 est
1302 925 1517 969 praesenti
1554 927 1742 970 tempore
1782 934 1941 969 perma-

254 991 390 1030 nente,
407 990 472 1026 vel
489 990 726 1036 praeterita.
747 990 843 1036 quia
864 990 940 1026 fuit
961 999 1050 1026 cum
1074 990 1302 1035 praeterito
1319 991 1520 1036 tempore.
1542 990 1742 1035 quasdam
1765 990 1941 1035 species,

255 1056 445 1101 ,quando
475 1056 512 1092 ei
542 1056 731 1101 intelligit
752 1056 904 1092 inesse.
946 1055 1051 1092 Nota
1074 1065 1164 1092 cum
1194 1056 1251 1091 ait
1279 1055 1520 1092 Boethius
1549 1056 1589 1092 in
1618 1055 1939 1092 Commentoss.

254 1121 364 1166 quod
393 1131 484 1158 cum
514 1121 777 1167 Apollinares
804 1121 885 1158 ludi
915 1121 996 1157 sint
1025 1121 1063 1157 in
1094 1123 1296 1166 tempore.
1325 1122 1492 1166 quando
1522 1132 1596 1157 eos
1627 1131 1724 1157 esse
1755 1121 1941 1158 dicimus.

253 1186 405 1232 accipit
433 1186 609 1228 Quando
638 1187 678 1223 in
708 1188 747 1223 vi
775 1187 939 1232 sumpti.

203 1258 233 1282 17»
397 1252 512 1289 Nunc
549 1255 686 1289 autem
726 1253 1110 1298 praedicamentum
1148 1253 1228 1289 Ubi
1271 1253 1624 1289 consideremus-⁴.
1690 1253 1763 1289 L'bi
1804 1253 1941 1298 itaque

255 1316 361 1353 sicut
397 1316 572 1357 Quando
608 1327 839 1362 pronomen
875 1317 1041 1363 ponitur
1082 1321 1121 1354 et
1162 1318 1342 1354 fortasse
1382 1318 1490 1362 apud
1533 1317 1719 1354 Graecos
1744 1319 1747 1360 1
1773 1317 1941 1353 nomina
1970 1321 1992 1352 r.
2021 1320 2096 1352 361·

254 1384 374 1419 erant
400 1382 439 1419 in
469 1383 547 1419 hac
574 1382 897 1429 significatIOne.
926 1392 1034 1429 quae
1063 1383 1383 1429 generalissima
1416 1393 1575 1429 genera
1609 1383 1700 1419 aliis
1736 1393 1937 1428 praeesse

254 1451 438 1493 possent.
492 1447 605 1485 Sicut
631 1451 771 1485 autem
801 1448 977 1489 Quando
1006 1458 1058 1484 ex
1088 1451 1288 1494 tempore.
1326 1449 1382 1484 ita
1410 1448 1485 1484 Ubi
1524 1459 1577 1485 ex
1615 1449 1706 1485 loco
1744 1449 1939 1485 nascitur.

254 1512 313 1549 Ex
342 1522 392 1549 eo
421 1513 531 1550 enim
559 1514 667 1559 quod
697 1523 880 1559 persona
915 1515 955 1550 in
989 1514 1082 1550 loco
1111 1517 1185 1550 est.
1223 1514 1430 1559 quaedam
1467 1514 1699 1559 proprietas
1737 1514 1813 1559 ipsi
1853 1523 1938 1559 per-

204 1587 237 1613 2⁰
258 1587 391 1615 sonae
420 1579 661 1618 innascitur.
690 1589 797 1625 quae
827 1583 910 1616 tam
938 1580 989 1616 ab
1018 1579 1109 1625 ipsa
1139 1589 1321 1625 persona
1349 1579 1517 1616 diversa
1546 1582 1610 1616 est
1632 1590 1755 1626 quam
1777 1581 1829 1616 ab
1853 1581 1942 1625 ipso

256 1645 362 1682 loco.
391 1647 432 1682 et
459 1645 810 1690 quemadmodum
833 1644 1008 1686 Quando
1032 1647 1237 1682 vocantur
1269 1646 1364 1682 illae
1393 1646 1672 1692 proprietates
1707 1656 1854 1682 omnes
1883 1656 1943 1682 se-

256 1710 436 1747 cundum
464 1720 568 1756 quas
592 1711 808 1748 subiectae
841 1721 909 1748 res
932 1711 971 1747 in
994 1713 1183 1757 tempore
1206 1711 1458 1757 quandoque
1487 1713 1594 1748 sunt.
1623 1712 1676 1747 ita
1702 1711 1776 1747 Ubi
1805 1712 1942 1757 appel-

256 1776 393 1813 lantur
419 1786 567 1814 omnes
602 1777 708 1815 illae.
744 1777 976 1814 secundum
1011 1777 1290 1814 adiacentiam
1328 1787 1503 1822 quarum
1541 1777 1732 1814 dicuntur
1769 1787 1865 1813 esse
1904 1777 1941 1813 in

257 1840 360 1878 loco.
407 1841 483 1878 Pro
515 1842 632 1878 cuius
666 1842 832 1887 quidem
861 1841 1030 1887 generis
1059 1841 1283 1886 speciebus
1312 1842 1513 1878 adverbia
1550 1851 1716 1887 quoque
1754 1842 1943 1878 subeunt.

202 1908 236 1934 27·
258 1906 364 1943 sicut
381 1909 513 1947 extra,
533 1916 670 1952 supra.
695 1916 791 1943 esse
814 1906 981 1943 Romae.
1006 1916 1100 1943 esse
1123 1906 1338 1942 Nanneti
1356 1910 1375 1942 ⁸.
1424 1906 1464 1942 Si
1487 1907 1594 1943 enim
1619 1909 1761 1943 ⁴extra·
1785 1908 1943 1942 tantum

197 1963 203 1969 ’
257 1972 390 2008 locum
432 1972 684 2018 deSIgnaret.
731 1973 783 2008 ad
824 1972 1182 2017 comparationem
1224 1972 1391 2008 minime
1434 1973 1607 2009 veniret.
1648 1982 1737 2008 cum
1781 1974 1945 2008 constet

256 2037 524 2083 quantitates,
552 2039 595 2074 ut
623 2037 775 2074 dictum
813 2040 888 2075 est.
924 2047 1006 2074 non
1041 2038 1286 2083 comparari.
1339 2038 1418 2074 Sed
1458 2041 1599 2074 extra·
1635 2038 1944 2083 designativum

256 2106 321 2140 est
347 2103 563 2140 cuiusdam
591 2103 871 2149 proprietatis.
900 2113 1008 2149 quae
1038 2103 1147 2140 inest
1184 2113 1393 2149 personae
1427 2104 1561 2149 gratia
1600 2104 1822 2140 exterioris
1865 2105 1941 2140 loci

257 2169 324 2214 qui
352 2171 425 2210 est,
454 2171 625 2214 propter
652 2178 777 2214 quam
806 2170 971 2214 quidem
1002 2170 1300 2214 proprietatem
1330 2170 1380 2205 ad
1411 2170 1768 2214 comparationem
1800 2170 1944 2205 venire

201 2236 236 2261 :³10
259 2236 408 2280 potest.
436 2235 533 2280 quia
561 2237 602 2271 et
629 2235 743 2271 multi
764 2235 804 2271 in
828 2235 976 2272 eadem
999 2237 1095 2271 sunt
1118 2235 1241 2271 domo
1265 2237 1305 2271 et
1326 2235 1438 2272 multi
1462 2235 1611 2271 eadem
1633 2235 1698 2271 die
1722 2235 1942 2271 existente.

256 2299 360 2336 Esse
387 2302 527 2337 autem
555 2300 594 2336 in
623 2301 701 2336 hac
729 2301 852 2337 domo
880 2300 1093 2337 individua
1121 2304 1235 2337 sunt:
1272 2301 1349 2337 hoc
1377 2310 1474 2337 esse
1503 2301 1540 2337 in
1571 2301 1648 2337 liac
1683 2301 1805 2336 domo
1834 2302 1942 2345 quod

259 2367 297 2402 in
326 2375 391 2401 me
420 2368 482 2401 est
510 2368 551 2401 et
580 2366 656 2402 lioc
685 2366 793 2411 quod
824 2366 862 2402 in
891 2366 958 2402 illo
988 2369 1062 2402 est.

402 2430 586 2471 Quaeri
624 2432 763 2468 autem
802 2433 987 2476 potest.
1027 2441 1118 2468 cum
1148 2431 1224 2468 Ubi
1262 2433 1448 2469 nascitur
1488 2443 1540 2468 ex
1576 2433 1678 2469 loco.
1721 2434 1850 2468 utrum
1892 2442 1944 2467 ex

260 2496 522 2533 substantiali
551 2496 618 2532 vel
647 2506 700 2533 ex
729 2497 1005 2542 quantitativo
1035 2498 1100 2534 vel
1138 2507 1191 2534 ex
1221 2500 1406 2544 utroque.
1460 2497 1540 2534 Sed
1569 2499 1751 2534 maxime
1779 2498 1831 2534 ad
1854 2499 1946 2534 sub-

204 2568 238 2592 ³<5
261 2562 499 2599 stantialem
536 2562 669 2598 locum
698 2561 873 2601 videtur.
911 2573 1002 2600 cum
1041 2564 1214 2600 dicimus
1249 2573 1344 2600 esse
1383 2563 1550 2600 Romae.
1589 2573 1685 2600 esse
1724 2563 1945 2601 Nanneti.

260 2627 319 2664 Nil
360 2629 499 2663 autem
543 2627 724 2673 impedit.
766 2628 799 2664 si
847 2628 971 2664 etiam
1013 2628 1130 2675 [non]
1181 2629 1407 2665 secundum
1456 2630 1773 2674 quantitativum
1812 2630 1945 2665 locum

261 2693 500 2738 accipiatur.

405 2828 448 2860 26
477 2827 608 2866 locum!
637 2831 782 2868 tempus
810 2829 836 2861 .-1
965 2830 1070 2861 2⁸:39
1100 2829 1202 2861 locus
1232 2837 1379 2869 quoque
1408 2833 1463 2860 est
1495 2831 1519 2860 ,1

409 2905 415 2925 ¹
447 2906 598 2938 Boctn.
629 2905 648 2937 Ι.
678 2917 716 2941 ι’..
746 2915 779 2946 p.
803 2906 926 2938 263A.
1051 2906 1064 2927 '-'
1093 2906 1242 2938 Boetli.
1272 2906 1292 2937 Ι.
1316 2916 1342 2937 (·.
1465 2906 1480 2924 ³³
1507 2906 1656 2938 Annei.
1688 2906 1707 2937 Ι.
1737 2916 1776 2938 c..
1807 2916 1838 2946 p.
1872 2906 1945 2938 197.

404 2965 416 2987 ⁴
446 2964 508 2997 Hic
544 2965 834 2997 Abaelardus
870 2966 994 2997 urbem
1031 2973 1148 3006 prope
1183 2974 1290 3005 quam
1327 2968 1433 2997 natus
1473 2968 1539 2999 est.
1578 2965 1711 2997 laudat.
1766 2966 1816 2996 (Τ.
1852 2965 1945 2997 Hisl.

263 3025 530 3057 calamitatum
560 3034 588 3056 c.
623 3026 632 3056 1
665 3023 737 3062 (I'L
763 3025 838 3062 178,
868 3034 901 3065 p.
927 3025 1002 3056 113.
1029 3025 1126 3063 1142:
1156 3024 1244 3065 ‚Ego
1273 3025 1383 3067 igitur
1410 3025 1546 3065 oppido
1575 3025 1730 3064 quodam
1761 3025 1945 3057 oriundus.

265 3084 360 3125 quod
390 3084 423 3116 in
454 3084 623 3125 ingressu
653 3083 803 3116 Minoris
843 3084 1052 3117 Britanniae
1090 3087 1337 3117 constructum
1373 3085 1418 3117 ab
1456 3085 1544 3116 urbe
1582 3084 1782 3116 Nannetica
1817 3093 1947 3116 versus

264 3143 441 3176 orientem
471 3145 554 3174 octo
581 3143 693 3175 credo
721 3143 899 3175 milliariis
928 3146 1105 3175 remotum
1136 3144 1287 3183 proprio
1310 3143 1492 3176 vocabulo
1514 3143 1691 3175 Palatium
1715 3143 1946 3183 appellatur.⁸

1734 3203 1802 3234 17⁰
