2200 3387
221 928 253 954 10

217 1247 249 1272 15

213 1580 248 1606 20

211 1908 246 1934 25

208 2241 244 2268 30

208 2897 244 2923 40

513 236 544 269 2.
573 236 639 269 Die
667 235 824 269 Glossen
852 244 895 267 zu
923 235 994 268 den
1021 234 1259 276 Katcgorien.
1288 250 1332 255 —
1360 235 1413 268 De
1440 235 1632 276 oppositis.
1894 232 1957 267 261

277 332 437 370 formae
464 335 623 371 tantum
648 333 815 380 proprie
838 332 1031 378 dicuntur
1051 332 1299 369 contrariae.
1342 332 1501 368 Albedo
1524 342 1690 377 quoque
1713 334 1753 368 et
1775 332 1960 378 nigredo.

277 399 383 435 haee
405 400 574 436 nomina
594 398 898 438 substantialia.
927 407 1009 434 non
1032 399 1207 443 sumpta.
1236 397 1332 434 licet
1354 398 1510 434 formas
1532 399 1690 434 tantum
1712 397 1960 443 significant,

277 473 360 501 non
400 465 599 505 subiecta.
640 466 839 510 quantum
879 463 932 500 ad
970 462 1128 499 formas
1173 464 1313 499 tamen
1359 463 1576 508 dupliciter
1615 464 1810 508 opposita
1854 466 1958 500 sunt.

277 529 439 576 Quippe
477 533 517 566 et
545 530 662 576 ipsae
699 530 859 566 formae
897 529 1115 574 dupliciter
1151 529 1371 574 oppositae
1409 528 1611 569 dicuntur,
1650 531 1733 564 tam
1767 529 1806 564 in
1846 529 1958 565 adia-

276 596 415 632 centia
442 596 600 632 scilicet
627 605 750 641 quam
779 595 819 631 in
848 594 1045 631 essentia.
1097 593 1248 630 Omnia'
1267 594 1389 633 enim.
1418 603 1526 639 quae
1547 594 1588 629 in
1610 594 1846 630 adiacentia
1865 597 1960 631 sunt

276 661 472 706 opposita
500 661 729 698 secundum
757 663 977 705 utramque
1015 662 1206 695 naturam
1241 659 1480 699 formarum.
1518 660 1748 696 secundum
1785 660 1957 696 alteram

273 727 432 763 tantum
461 729 557 763 sunt
584 727 805 764 contraria.
858 725 1020 771 Quippe
1041 725 1320 762 contrarietas
1342 724 1570 761 formarum
1597 725 1824 762 secundum
1848 725 1959 762 adia-

273 792 454 829 centiam
482 795 693 838 pensatur,
728 801 811 828 non
848 791 1078 828 secundum
1116 791 1358 828 essentiam.
1411 789 1607 827 Similiter
1645 793 1687 828 et
1726 801 1879 828 caecus
1919 794 1960 827 et

273 858 422 895 videns
450 859 517 894 vel
543 858 726 895 caecitas
754 859 795 894 et
821 857 928 893 visio
956 856 1176 903 dupliciter
1209 856 1404 902 opposita
1436 857 1646 900 dicuntur;
1679 857 1753 893 sed
1780 856 1958 902 privatio

274 924 316 960 et
342 923 508 960 habitus
537 923 767 960 secundum
789 925 982 959 naturam
1007 922 1011 968 Ι
1034 922 1300 959 adiacentiae
1321 921 1548 959 formarum
1571 923 1729 959 tantum
1751 922 1943 959 dicuntur
1952 932 1960 967 ;

271 990 393 1034 pater
418 991 559 1025 autem
586 990 628 1025 et
653 988 774 1028 filius.
802 988 907 1025 haec
935 988 1105 1024 nomina
1130 987 1318 1028 relativa,
1353 987 1549 1033 opposita
1585 987 1776 1024 dicuntur
1812 997 1957 1024 secun-

272 1054 368 1090 dum
396 1053 674 1091 adiacentiam
700 1054 939 1095 formarum,
976 1054 1018 1090 in
1047 1062 1097 1090 eo
1132 1053 1293 1090 scilicet
1319 1054 1429 1099 quod
1457 1055 1653 1099 respectu
1681 1053 1869 1090 eiusdem
1897 1054 1957 1090 rei

271 1119 409 1156 eidem
436 1120 624 1157 subiecto
653 1129 737 1156 non
759 1122 899 1166 potest
920 1119 1179 1166 contingere.
1232 1118 1490 1165 Complexae
1512 1128 1678 1164 quoque
1700 1129 1829 1156 voces
1851 1119 1958 1156 sicut

269 1183 494 1221 affirmatio
523 1186 564 1222 et
590 1185 772 1231 negatio,
800 1185 896 1221 licet
923 1194 991 1221 res
1020 1184 1232 1221 subiectas
1260 1194 1344 1221 non
1372 1184 1567 1226 habeant,
1595 1184 1747 1230 quippe
1776 1193 1828 1221 ea
1849 1193 1956 1230 quae

270 1258 295 1286 a
320 1251 680 1296 propositionibus
709 1251 912 1291 dicuntur,
941 1260 1024 1287 non
1053 1252 1149 1287 sunt
1185 1250 1350 1295 aliquae
1388 1250 1614 1290 essentiae,
1651 1251 1791 1286 tamen
1829 1259 1957 1296 oppo-

269 1315 377 1352 sitae
414 1316 606 1353 dicuntur
643 1317 873 1353 secundum
909 1326 960 1353 ea
988 1325 1096 1362 quae
1131 1316 1182 1352 ab
1218 1315 1280 1352 eiS
1317 1315 1520 1357 dicuntur,
1561 1325 1669 1361 quae
1711 1316 1831 1352 simul
1870 1325 1955 1352 non

269 1384 447 1427 possunt
473 1382 731 1429 contingere,
759 1384 803 1418 ut
830 1382 1040 1423 ,Socrates
1069 1384 1135 1418 est
1156 1382 1291 1418 homo·v
1321 1383 1362 1418 et
1384 1391 1480 1421 ,non
1502 1383 1566 1418 est
1588 1381 1785 1418 Socrates
1805 1383 1954 1423 homo·,

269 1457 377 1493 quae
404 1450 565 1494 ponunt
601 1448 781 1484 eundem
810 1457 907 1485 esse
935 1448 1146 1484 hominem
1175 1449 1215 1484 et
1242 1457 1325 1484 non
1354 1457 1463 1489 esse,
1500 1447 1599 1484 talia
1626 1448 1820 1484 dicuntur
1845 1457 1954 1493 quae

268 1514 419 1550 natura
444 1523 528 1550 non
565 1513 766 1559 permittit
802 1514 923 1550 simul
960 1513 1217 1560 contingere,
1255 1513 1415 1550 scilicet
1449 1513 1665 1550 Socratem
1703 1513 1822 1550 simul
1857 1522 1954 1550 esse

267 1579 480 1616 hominem
507 1581 549 1616 et
574 1589 659 1616 non
687 1589 797 1616 esse.

410 1643 512 1680 Cum
532 1644 673 1690 itaque
695 1646 778 1681 tam
800 1653 870 1681 res
892 1653 1017 1690 quam
1038 1653 1168 1680 voces
1185 1643 1406 1689 oppositae
1429 1643 1630 1683 dicantur.
1652 1644 1691 1680 in
1714 1644 1791 1680 hac
1812 1645 1953 1680 tamen

268 1708 473 1745 divisione
501 1709 788 1755 oppositorum
816 1718 944 1745 voces
971 1708 1122 1754 accipit
1150 1708 1299 1754 partim
1327 1708 1628 1754 incomplexas,
1657 1710 1700 1744 ut
1727 1710 1823 1745 sunt
1848 1709 1953 1745 rela-

267 1774 364 1815 tiva,
392 1774 571 1820 privatio
600 1776 642 1811 et
668 1774 835 1811 habitus
863 1776 904 1811 et
932 1774 1154 1813 contraria.
1189 1774 1338 1820 partim
1367 1774 1622 1820 complexas,
1659 1776 1703 1810 ut
1729 1774 1951 1811 affirmatio

268 1841 309 1877 et
329 1839 510 1886 negatio.
535 1839 654 1881 Quod
677 1840 718 1876 in
740 1839 1100 1885 sequentibus¹
1124 1839 1345 1876 manifeste
1369 1839 1553 1876 ostendit
1569 1840 1731 1876 dicens:
1761 1839 1950 1881 ‚Omnino

266 1907 407 1942 autem
432 1909 627 1949 <eorum>
654 1915 762 1952 quae
790 1905 1020 1942 secundum
1048 1906 1202 1942 nullam
1224 1905 1559 1951 complexionem
1583 1905 1785 1947 dicuntur,
1814 1915 1951 1952 neque

265 1980 410 2008 verum
438 1980 576 2017 neque
603 1971 752 2008 falsum
780 1972 862 2013 est;
899 1976 1049 2017 <porro
1083 1973 1248 2012 autem>
1276 1980 1383 2017 quae
1421 1971 1532 2008 dicta
1569 1973 1676 2011 sunt.
1714 1971 1805 2008 sine
1843 1981 1951 2008 com—

265 2036 463 2082 plexione
492 2036 693 2073 dicuntur¹
722 2036 833 2082 quod
862 2045 950 2072 suo
977 2036 1116 2072 10002
1153 2035 1391 2082 diligentius
1428 2035 1716 2081 expediemus.
1768 2036 1821 2072 At
1847 2045 1949 2073 vero

264 2111 357 2139 cum
384 2101 451 2139 hic
478 2103 554 2139 sub
583 2102 788 2148 oppositis
816 2111 945 2138 voces
974 2103 1133 2138 tantum
1160 2102 1355 2141 includat.
1382 2111 1467 2138 non
1490 2111 1637 2138 omnes
1658 2103 1799 2138 tamen
1821 2111 1950 2139 voces

265 2167 482 2214 oppositas
510 2168 670 2213 accipit,
699 2168 775 2204 sed
802 2169 962 2204 tantum
989 2168 1247 2213 complexas,
1277 2167 1430 2213 quippe
1464 2168 1589 2204 homo
1617 2169 1658 2203 et
1693 2167 1837 2204 asinus
1872 2169 1949 2205 sub

263 2232 328 2270 his
349 2234 543 2278 quattuor
562 2233 697 2270 modis
725 2233 1012 2279 oppositorum
1032 2237 1164 2276 (non)
1186 2234 1349 2273 cadunt.
1378 2242 1486 2279 quae
1507 2235 1648 2269 tamen
1673 2243 1800 2270 voces
1823 2243 1950 2280 oppo-

265 2298 371 2335 sitae
399 2299 601 2340 dicuntur,
629 2299 736 2336 sicut
762 2299 887 2335 homo
916 2301 1115 2339 mortuus.
1153 2299 1195 2335 in
1233 2299 1383 2344 quibus
1421 2299 1630 2344 oppositio
1668 2299 1816 2336 dicitur
1852 2309 1948 2336 esse

264 2363 306 2401 in
326 2363 503 2401 adiecto.
544 2363 626 2401 Sed
647 2373 727 2401 nec
747 2374 896 2401 omnes
917 2365 1167 2410 complexae
1188 2374 1318 2401 voces
1341 2365 1562 2410 oppositae
1584 2365 1650 2401 hic
1671 2365 1947 2405 continentur.

265 2429 419 2476 quippe
447 2430 684 2466 contrariae
712 2439 878 2476 quoque
906 2430 1220 2476 propositiones
1242 2430 1463 2476 oppositae
1486 2432 1582 2466 sunt
1603 2432 1644 2467 et
1667 2431 1800 2477 magis
1823 2431 1947 2468 etiam

264 2504 388 2541 quam
416 2495 777 2536 contradictoriae.
814 2504 893 2532 nec
925 2497 1065 2532 tamen
1102 2496 1168 2533 hic
1204 2496 1624 2541 comprehenduntur,
1662 2497 1810 2542 quibus
1848 2497 1948 2533 divi-

264 2560 407 2598 dentia
433 2561 523 2597 veri
543 2563 585 2597 et
603 2560 696 2597 falsi
717 2571 887 2607 semper
906 2571 991 2598 non
1013 2562 1221 2604 convenit,
1245 2571 1368 2607 quam
1390 2562 1657 2599 affirmationi
1679 2565 1719 2599 et
1734 2563 1947 2609 negationi

263 2625 463 2672 assignat.
514 2626 607 2662 Illas
635 2627 776 2672 itaque
811 2629 971 2664 tantum
998 2637 1128 2664 voces
1166 2628 1382 2674 oppositas
1420 2628 1485 2664 hic
1518 2628 1679 2674 accipit.
1719 2628 1944 2665 secundum

264 2701 369 2738 quas
397 2701 481 2728 una
509 2701 591 2728 vox
619 2692 689 2728 uni
716 2694 875 2729 tantum
904 2694 968 2730 est
995 2693 1206 2739 opposita;
1235 2694 1423 2730 eiusdem
1460 2694 1569 2730 enim
1600 2694 1719 2739 plura
1746 2704 1828 2730 non
1852 2696 1947 2731 sunt

264 2757 474 2794 contraria
500 2758 566 2794 vel
593 2757 734 2803 plures
762 2758 1020 2804 privationes
1048 2759 1116 2795 vel
1149 2759 1289 2804 plures
1322 2759 1487 2795 habitus
1514 2759 1581 2795 vel
1616 2759 1734 2805 plura
1771 2760 1946 2797 relativa

264 2823 331 2859 vel
357 2822 498 2868 plures
527 2822 829 2860 affirmationes
858 2823 1094 2861 dividentes
1121 2824 1189 2860 vel
1217 2824 1478 2870 negationes,
1513 2825 1588 2861 sed
1622 2834 1746 2861 unum
1785 2827 1943 2861 tantum

264 2887 387 2924 unius
420 2888 686 2930 contrarium,
723 2898 830 2925 unus
868 2891 1027 2926 tantum
1065 2889 1231 2926 habitus
1267 2889 1389 2926 unius
1423 2891 1487 2926 est
1523 2890 1778 2935 privationis,
1819 2900 1942 2927 unum

408 3015 451 3048 25
486 3024 612 3048 eorum
642 3015 782 3055 Boeth.,
821 3025 892 3050 om.
927 3017 956 3050 A
1096 3017 1139 3050 26
1176 3026 1288 3059 porro
1324 3019 1446 3050 autem
1483 3017 1622 3055 Boeth.,
1661 3018 1805 3052 lacuna
1840 3020 1880 3052 in
1913 3020 1942 3053 A

264 3075 307 3108 29
336 3075 402 3108 sed
430 3073 584 3116 tantum]
613 3075 692 3108 sine
720 3076 751 3108 A

408 3144 418 3167 ¹
447 3146 596 3179 Boeth.
626 3146 647 3179 l.
675 3155 715 3186 c.,
742 3156 776 3188 p.
806 3147 873 3181 277
888 3147 928 3181 D.
1075 3147 1090 3170 2
1119 3147 1169 3182 Cr.
1198 3149 1305 3182 infra
1331 3158 1366 3192 p.
1395 3147 1512 3183 28020.

1988 927 2010 958 f.
2038 927 2107 960 362·
