2200 3387
173 922 204 946 10

172 1247 204 1272 15

170 1579 205 1604 20

167 1903 203 1930 25

169 2229 204 2255 30

170 2879 205 2904 40

415 226 446 261 2.
474 228 539 261 Die
567 226 724 261 Glossen
752 236 795 260 zu
823 226 893 261 den
922 227 1156 270 Kategorien.
1186 243 1228 247 —
1256 226 1308 261 De
1335 227 1531 270 speciebus
1560 231 1688 262 motus.
1832 227 1902 262 299

225 324 314 361 Non
343 325 451 362 enim
481 335 612 371 opera
639 324 816 362 dicenda
844 327 939 361 sunt
967 325 1044 361 nisi
1073 326 1162 361 eius
1191 326 1333 371 quiex
1361 326 1663 362 deliberatione
1686 328 1800 363 etex
1824 327 1903 362 dis-

224 391 410 427 cretione
447 391 544 427 facit
578 400 655 427 nec
683 391 824 436 opifex
853 393 965 426 recte
994 390 1142 426 dicitur
1178 390 1255 426 nisi
1293 391 1507 426 rationalis
1545 392 1790 427 substantia.
1843 391 1901 428 Ex

227 455 379 492 affectu
409 466 510 492 vero
538 465 659 501 quem
689 458 838 492 natura
865 456 994 493 mittit.
1030 466 1110 491 non
1149 466 1201 491 ex
1231 456 1482 492 discretione
1521 457 1691 492 rationis
1720 457 1903 493 vivificat

224 521 314 557 avis
343 521 627 557 calefaciendo
656 531 747 560 ova.
784 521 931 566 ignara
959 521 1122 566 penitus
1158 521 1281 557 futuri
1316 522 1502 559 effectus,
1540 531 1660 566 quem
1700 532 1773 566 per
1810 532 1900 558 eam

225 589 373 623 natura
394 589 602 631 operatur.
654 586 752 622 Cum
776 587 884 622 enim
908 587 1087 622 testante
1110 585 1139 621 B
1152 586 1345 621 oethi0¹
1374 587 1411 621 in
1435 586 1657 622 secunda
1678 587 1902 623 editione

225 661 379 697 super
408 652 732 697 Porphyrium
762 651 1018 687 irrationalia
1045 651 1240 686 animalia
1268 660 1342 696 per
1379 651 1621 686 memoriam
1660 652 1903 696 praeterito-

225 726 312 753 rum
347 718 630 758 recordentur,
666 717 789 753 futuri
827 716 938 752 nulla
971 718 1036 752 est
1069 716 1130 752 eis
1169 716 1362 761 cognitio.
1415 716 1529 752 Haec
1569 716 1678 752 dicta
1717 719 1812 752 sunt
1851 717 1902 752 de

225 784 336 818 motu
370 783 631 819 substantiae
666 783 734 827 qui
761 785 883 827 <per>
920 782 1234 827 generationem
1271 784 1312 818 et
1349 782 1657 827 corruptionem
1697 782 1903 823 dividitur,

224 848 451 884 secundum
492 858 595 893 quas
629 848 822 884 videlicet
862 849 903 883 et
942 857 1010 883 res
1051 847 1091 883 in
1131 847 1365 883 substantia
1405 847 1590 883 variatur
1630 847 1903 893 ingrediendo

225 913 382 958 speciei
409 915 560 949 statum
590 913 654 949 vel
683 912 950 958 egrediendo.

367 977 482 1014 Nunc
497 978 548 1014 de
565 980 695 1014 motu
717 978 1021 1023 quantitatis
1043 987 1228 1023 agamus,
1251 978 1318 1023 qui
1336 980 1549 1014 cremento
1570 980 1611 1014 et
1632 977 1903 1014 diminutione

223 1043 598 1088 comprehenditur.
651 1042 728 1083 Qui
767 1043 861 1079 ideo
899 1043 1141 1088 quantitatis
1177 1043 1335 1082 dicitur,
1375 1043 1484 1088 quod
1525 1043 1754 1079 secundum
1795 1043 1903 1079 hunc

223 1110 378 1144 motum
406 1108 499 1153 ipsa
525 1117 667 1145 massa
688 1109 754 1145 vel
782 1109 995 1154 capacitas
1023 1109 1283 1145 substantiae
1311 1109 1370 1145 rei
1399 1110 1668 1154 permutatur,
1697 1109 1836 1154 aliqua
1857 1118 1901 1145 re

224 1173 437 1210 subtracta
464 1174 530 1210 vel
557 1174 709 1210 addita.
761 1173 813 1210 Ut
841 1174 875 1210 si
903 1183 1038 1219 aquae
1067 1176 1228 1219 partem
1256 1174 1435 1219 aliquam
1474 1174 1716 1210 subtraham
1755 1183 1902 1219 aquae,

225 1237 473 1275 decrescere
501 1239 659 1280 dICiturv
687 1239 751 1276 cui
788 1239 1045 1275 subtrahitur
1080 1239 1163 1275 alla
1199 1249 1319 1284 aqua.
1371 1238 1573 1275 Crescere
1611 1249 1713 1276 vero
1751 1239 1899 1276 eadem

223 1313 334 1349 aqua
361 1304 519 1346 dicitur,
554 1305 588 1341 si
615 1314 766 1350 aquarn
804 1305 928 1341 aliam
967 1305 1258 1350 superaddam.
1311 1305 1378 1341 Sic
1416 1305 1569 1350 quippe
1607 1305 1699 1350 ipsa
1735 1314 1903 1341 massae

223 1369 435 1415 capacitas
463 1371 529 1406 vel
557 1370 795 1406 extenditur
821 1370 1053 1406 crescendo
1082 1370 1147 1406 vel
1176 1370 1371 1406 minuitur
1399 1371 1697 1407 decrescendo.

366 1434 449 1472 Sed
476 1438 574 1481 puto
602 1445 684 1472 non
712 1436 1050 1472 irrationabiliter
1077 1435 1268 1480 quaeri,
1297 1444 1404 1480 quae
1432 1444 1500 1471 res
1528 1445 1721 1472 crescere
1744 1436 1904 1472 dicatur

223 1502 294 1536 aut
321 1501 417 1546 quid
445 1501 567 1537 etiam
596 1501 650 1537 sit
677 1510 883 1538 erescere.
936 1500 979 1537 Si
1006 1501 1097 1547 quis
1126 1503 1265 1537 autem
1287 1510 1481 1537 crescere
1504 1501 1613 1537 dieat
1635 1501 1902 1537 adiunctione

224 1565 398 1602 alicuius
425 1566 558 1603 maius
586 1566 709 1609 effici,
738 1576 860 1612 quam
888 1566 1002 1612 prius
1030 1568 1156 1607 esset,
1183 1567 1296 1602 nulla
1322 1575 1516 1602 erescere
1544 1566 1747 1603 videntur.
1798 1566 1903 1602 Nihil

224 1630 376 1676 quippe
405 1632 469 1667 est
489 1631 599 1676 quod
621 1631 812 1667 videatur
838 1631 972 1667 maius
1000 1630 1104 1672 fieri,
1131 1640 1255 1676 quam
1283 1631 1397 1676 prius
1420 1632 1509 1667 erat
1530 1640 1584 1667 ex
1605 1630 1902 1672 additamento,

223 1697 267 1732 ut
294 1695 330 1732 si
356 1696 485 1732 tribus
512 1696 717 1742 lapidibus
752 1698 923 1741 quartus
956 1696 1134 1732 addatur
1169 1697 1294 1741 atque
1330 1696 1425 1732 ideo
1463 1705 1640 1732 acervus
1678 1696 1746 1741 qui
1783 1696 1896 1741 prius

224 1762 314 1797 erat
341 1761 461 1797 trium
489 1761 682 1807 lapidum,
719 1761 907 1798 crevisse
944 1761 1104 1797 dicatur
1139 1761 1406 1798 adiunctione
1444 1761 1580 1806 quarti
1616 1761 1775 1806 lapidis,
1814 1770 1897 1797 non

223 1826 386 1862 videtur
413 1836 567 1868 verum,
601 1836 692 1863 cum
721 1826 918 1863 videlicet
954 1836 1131 1862 acervus
1167 1826 1288 1862 trium
1324 1826 1507 1872 lapidum
1543 1826 1739 1862 adiuncto
1777 1826 1901 1862 etiam

223 1893 371 1936 quarto
399 1891 534 1936 lapide
562 1891 603 1927 in
631 1891 860 1937 quantitate
889 1891 952 1927 sui
980 1900 1062 1927 non
1084 1891 1175 1936 plus
1198 1900 1322 1936 quam
1343 1890 1457 1936 prius
1478 1890 1642 1931 habeat,
1671 1890 1745 1926 sed
1769 1890 1898 1927 tribus

222 1956 426 2002 lapidibus
447 1958 543 1993 tunc
565 1966 730 2002 quoque
757 1958 932 1997 constat,
961 1957 1067 1993 sicut
1089 1957 1197 1997 ante,
1218 1965 1296 1992 nec
1312 1957 1451 2001 plures
1474 1957 1615 2001 partes
1638 1965 1762 2001 quam
1783 1955 1896 2001 prius

222 2022 359 2063 habet,
394 2023 467 2059 sed
502 2031 580 2059 nec
607 2024 778 2068 quartus
814 2022 920 2068 lapis
959 2021 1254 2067 superadditus
1291 2021 1412 2057 simili
1451 2021 1613 2057 ratione
1650 2021 1782 2057 crevit
1821 2030 1900 2057 nec

222 2087 356 2134 ipsum
396 2097 562 2133 quoque
601 2087 877 2134 compositum
915 2097 968 2124 ex
1007 2087 1138 2123 tribus
1177 2087 1383 2133 lapidibus
1424 2088 1465 2123 et
1504 2088 1651 2132 quarto
1693 2086 1900 2123 adiuncto.

223 2153 323 2190 Nam
351 2155 392 2190 et
418 2155 515 2190 ante
543 2153 663 2189 sicuti
690 2163 800 2190 nunc
827 2154 1023 2198 quattuor
1057 2152 1220 2198 lapides
1247 2153 1474 2188 manebant
1501 2161 1579 2188 nec
1607 2151 1748 2197 plures
1776 2152 1900 2188 modo

225 2220 320 2255 sunt
359 2228 481 2263 quam
521 2220 629 2255 ante.
688 2218 755 2255 Sic
793 2220 933 2255 autem
973 2218 1154 2254 fortasse
1194 2217 1355 2254 facilius
1395 2217 1592 2256 solvetur.
1633 2217 1668 2253 si
1707 2217 1901 2253 videlicet

223 2292 414 2320 creseere
442 2284 482 2320 id
515 2284 702 2320 dicamus
738 2284 848 2329 quod
884 2293 958 2328 per
991 2283 1303 2320 adiunctionem
1339 2283 1510 2319 alterius
1551 2283 1699 2319 transit
1737 2282 1778 2318 in
1818 2282 1900 2318 tale

224 2349 498 2394 compositum
526 2349 635 2394 quod
664 2358 688 2385 a
715 2351 864 2385 natura
890 2349 957 2385 vel
985 2348 1240 2393 proprietate
1270 2358 1346 2384 sua
1381 2357 1463 2384 non
1500 2348 1670 2389 recedit,
1699 2348 1827 2384 veluti
1866 2347 1900 2383 si

223 2423 360 2459 aquae
389 2413 469 2449 alia
496 2422 605 2458 aqua
631 2413 948 2458 superaddatur,
976 2422 1085 2458 aqua
1104 2412 1169 2448 cui
1198 2412 1511 2458 superadditum
1534 2414 1608 2453 est,
1631 2412 1671 2448 in
1693 2412 1899 2457 quoddam

223 2478 370 2514 transit
397 2477 670 2523 compositum
700 2477 808 2522 quod
837 2477 962 2513 etiam
989 2486 1099 2522 aqua
1127 2476 1285 2513 dicitur.
1338 2476 1532 2513 Similiter
1568 2476 1602 2512 si
1638 2476 1770 2513 tribus
1803 2476 1900 2521 lapi-

189 2555 203 2578 ‘‚
225 2543 343 2580 dibus
371 2545 542 2588 quartus
577 2542 890 2588 superaddatur.
929 2551 1108 2579 acervus
1146 2542 1266 2578 trium
1303 2541 1484 2587 lapidum
1521 2541 1706 2578 crevisse
1740 2541 1899 2580 dicitur.

225 2609 319 2645 dum
353 2608 392 2644 in
426 2617 621 2644 acervum
657 2608 856 2644 maiorem
896 2608 1076 2653 lapidum
1117 2607 1266 2643 transit
1302 2617 1377 2652 per
1416 2607 1726 2643 adiunctionem
1766 2606 1900 2651 quarti

224 2673 384 2719 lapidis.
413 2673 482 2718 qui
509 2673 633 2709 etiam
667 2673 876 2709 secundus
913 2673 1047 2709 maior
1082 2682 1260 2709 acervus
1297 2672 1403 2708 sicut
1440 2672 1506 2708 ille
1543 2672 1611 2717 qui
1648 2672 1760 2717 prius
1799 2673 1899 2711 erat,

224 2747 401 2774 acervus
429 2740 491 2774 est
517 2737 709 2782 lapidum.
762 2737 802 2773 Si
831 2747 932 2773 vero
960 2737 1089 2772 tribus
1116 2737 1319 2781 lapidibus
1340 2736 1492 2781 lignum
1515 2736 1700 2772 addatur.
1723 2744 1899 2771 acervus

224 2803 404 2848 lapidum
433 2812 515 2838 non
543 2802 691 2838 dicitur
724 2802 908 2838 crevisse
942 2811 1020 2837 nec
1054 2801 1177 2837 etiam
1215 2801 1387 2845 lapides.
1425 2800 1576 2845 quippe
1613 2801 1740 2836 totum
1779 2800 1898 2835 simul

225 2868 488 2904 coniunctum
518 2877 597 2903 nec
623 2867 783 2912 lapides
812 2869 876 2903 est
909 2876 987 2902 nec
1019 2875 1196 2902 acervus
1231 2865 1428 2910 lapidum;
1469 2874 1646 2901 acervus
1686 2867 1783 2900 tunc
1820 2864 1899 2901 for-

367 2984 387 3016 9
416 2981 523 3024 quas]
551 2991 644 3024 quos
673 2984 701 3015 A
780 2980 854 3022 res]
883 2991 993 3023 pares
1019 2982 1047 3014 A
1181 2982 1224 3013 26
1253 2982 1334 3022 plus
1359 2981 1386 3013 A
1511 2982 1552 3012 33
1581 2978 1717 3020 aquae]
1745 2989 1843 3021 aqua
1868 2980 1894 3012 A

225 3042 484 3083 superadditur
510 3041 539 3074 A

368 3112 396 3151 ¹)
424 3112 584 3151 Boeth.‚
615 3113 657 3145 In
686 3112 822 3152 Por-ph.
851 3111 905 3144 ed.
936 3111 961 3143 ll
990 3111 1045 3143 ed.
1074 3111 1256 3149 Brandt‚
1286 3119 1318 3151 p.
1350 3110 1447 3142 1373.
