2200 3387
350 258 416 293 12⁸
758 261 864 293 Potor
890 262 1094 294 Abaclards
1123 261 1257 302 [logica
1283 261 1605 302 ,Ingredientibus⁴.

488 351 553 387 Sic
581 352 688 396 lege:
720 352 877 387 Eorum
899 362 1008 396 qnae
1027 354 1135 389 sunt.
1164 352 1202 387 id
1225 353 1288 387 est
1308 351 1518 387 nominum
1543 351 1884 393 substantialium,
1915 354 2007 390 alia

347 416 649 461 praedicantur.
687 417 795 461 quod
830 418 958 453 totum
995 419 1056 453 est
1091 417 1387 452 universalium
1424 417 1650 452 secundum
1678 416 2005 454 Aristotelem

347 481 578 516 dicenteml
607 481 715 525 quod
743 491 767 517 a
795 481 927 526 prima
951 482 1183 517 substantia
1205 481 1316 517 nulla
1337 483 1400 517 est
1421 481 1688 526 praedicatio,
1716 482 2009 526 praedicantur

346 546 385 581 in
408 546 502 590 quid
524 546 573 581 (lc¹
593 546 742 590 aliquo
764 548 806 581 ut
827 547 877 582 de
897 547 1092 586 sulficere,
1119 546 1197 581 1100
1217 548 1280 582 cst
1308 547 1350 581 ut
1376 546 1427 581 de
1455 546 1670 591 supposito
1697 546 1736 581 in
1765 546 2006 587 substantia,

347 610 452 646 sicut
479 614 654 655 supra-³
681 611 916 656 expositum
945 613 1017 649 est.
1047 613 1087 647 et
1117 611 1157 646 in
1189 611 1308 646 nullo
1335 612 1433 646 sunt
1459 611 1655 653 subiet-m,
1682 611 1778 655 quia
1803 621 1886 647 non
1913 612 2008 647 sunt
2045 627 2061 651 5

347 675 514 711 nomina
542 675 860 711 accidentalium
882 676 1104 711 formarum
1127 676 1193 711 vel
1216 675 1503 711 substantialia
1522 676 1588 710 vel
1610 676 1784 720 sumpta,
1811 677 1854 711 ut
1873 676 2008 717 homo,

347 740 423 775 1100
446 749 608 777 nomen.
636 741 902 785 praedicatur
924 741 973 776 (le
995 741 1132 785 aliquo
1155 740 1331 781 homine,
1354 740 1393 775 id
1415 742 1478 775 est
1499 740 1550 776 de
1571 740 1807 785 particulari
1828 740 2007 782 nomine,

346 804 385 839 id
422 807 486 840 est
522 805 695 840 alicuius
732 805 920 840 hominis,
958 807 1000 840 ut
1037 805 1086 840 de
1124 805 1322 840 subiecto.
1372 803 1420 839 Et
1453 804 1492 839 in
1526 805 1604 840 hoc
1631 804 1796 849 quidem
1823 805 2007 841 membro

346 869 513 905 includit
550 869 757 905 secundas
794 869 1050 905 substantias
1078 879 1169 905 cum
1197 869 1501 905 universalibus
1529 869 1855 905 differentiarum
1881 869 2008 905 nomi-

346 934 465 969 nibus
504 934 857 972 substantialibus,
894 935 937 969 ut
973 935 1037 969 est
1073 934 1343 973 rationalitas,
1380 934 1587 970 animatio.
1647 934 1743 970 Alia
1782 936 1925 970 autem
1960 934 2007 970 in
2030 943 2062 968 10

344 999 528 1034 subiecto
557 1000 632 1034 etc.
684 998 771 1034 Hoc
808 999 1036 1034 membrum
1073 998 1200 1043 priori
1237 999 1402 1043 penitus
1436 1001 1500 1035 est
1527 999 1788 1039 contrarium,
1825 999 1900 1035 sub
1927 1008 2007 1044 quo

345 1063 513 1099 includit
542 1063 755 1099 individua
782 1063 1097 1099 accidentalium
1126 1073 1324 1109 generum
1352 1064 1418 1100 vel
1446 1064 1689 1109 specierum,
1716 1063 1871 1100 formas
1898 1064 2009 1100 vide-

345 1128 440 1164 licet
476 1128 759 1164 accidentales
796 1128 1127 1173 significantium,
1165 1130 1207 1164 ut
1242 1129 1348 1164 haec
1383 1129 1568 1164 nomina:
1610 1129 1714 1164 haec
1749 1129 1908 1170 albedo,
1944 1129 2008 1164 hic

347 1193 471 1228 color.
526 1193 572 1228 In
597 1194 781 1228 subiecto
803 1195 957 1228 autem.
1008 1193 1095 1228 Hoc
1116 1194 1168 1229 ad
1190 1203 1393 1238 praesens
1414 1193 1707 1238 praetermitte,
1735 1193 1868 1229 donec
1889 1202 2006 1229 exse-

346 1258 427 1293 cuti
455 1258 584 1293 simus
613 1258 826 1293 divisionis
851 1258 1045 1293 membra.
1102 1258 1147 1293 Εἰ
1175 1259 1389 1302 quaedam
1415 1259 1716 1302 {frammaliem
1743 1258 1781 1294 id
1803 1259 1867 1294 est
1887 1258 2007 1303 parti·
2030 1272 2061 1297 15

345 1323 484 1358 culare
520 1332 674 1358 nomen
709 1323 1016 1368 grammaticae,
1050 1323 1096 1358 in
1122 1323 1305 1358 subiecto
1333 1323 1503 1367 quidem
1531 1325 1588 1358 est
1614 1323 1660 1358 in
1687 1323 1852 1365 (azima,
1877 1322 1918 1358 id
1944 1324 2009 1359 est

352 1396 438 1422 rem
477 1386 683 1431 significat
718 1386 931 1422 fundatam
968 1386 1009 1421 in
1043 1386 1191 1422 anima.
1242 1386 1302 1422 De
1335 1387 1517 1422 subiecto
1552 1396 1649 1422 vero
1684 1386 1806 1422 nullo
1842 1386 2007 1422 dicitur.

348 1451 396 1486 Et
425 1452 641 1496 quoddam
672 1452 830 1487 album.
881 1451 979 1487 Post
1005 1451 1200 1487 accidens
1228 1451 1392 1487 animae
1420 1450 1699 1496 exemplificat
1725 1451 1776 1487 de
1803 1450 2008 1487 accidenti

345 1516 547 1560 corporis.
600 1516 718 1556 Quod
745 1518 882 1552 autem
910 1516 1158 1561 particulare
1186 1525 1337 1552 nomen
1365 1516 1569 1552 albedinis
1592 1515 1797 1562 significet
1814 1525 1902 1552 rem
1922 1515 2008 1551 fun-

348 1581 486 1616 datam
525 1581 564 1616 in
592 1590 778 1626 corpore,
814 1581 855 1616 id
891 1582 953 1616 est
987 1581 1095 1625 quod
1121 1590 1190 1616 res
1218 1590 1294 1616 sua
1319 1580 1512 1616 fundetur
1537 1581 1578 1616 in
1606 1590 1792 1625 corpore,
1828 1580 2008 1617 ostendit
2027 1594 2061 1619 20

343 1655 368 1681 a
388 1647 474 1681 toto
503 1645 660 1681 dicens:
703 1645 852 1681 Omnis
878 1646 991 1681 enim.
1020 1646 1137 1681 color
1162 1646 1206 1681 in
1235 1655 1413 1690 corpore
1438 1648 1505 1681 est.
1555 1646 1655 1682 Alia
1680 1656 1778 1681 vero
1805 1647 1879 1682 etc.
1923 1644 2006 1681 Sub

347 1710 424 1746 hoc
460 1710 582 1745 tertio
619 1711 803 1745 membro
841 1710 1153 1755 comprehendit
1192 1720 1349 1756 genera
1387 1711 1453 1746 vel
1493 1711 1668 1756 species,
1709 1720 1825 1761 quae.
1852 1709 2007 1746 formas

346 1775 628 1812 accidentales
665 1775 889 1814 continent,
928 1775 968 1810 id
1008 1776 1073 1811 est
1109 1775 1326 1820 superiora
1365 1784 1507 1811 eorum
1545 1775 1859 1816 individuorum,
1899 1784 2005 1820 quae

344 1839 572 1874 secundum
598 1839 826 1874 membrum
854 1839 1105 1874 continebat.
1158 1839 1254 1874 Alia
1282 1849 1390 1874 vero.
1441 1839 1528 1875 Hoc
1556 1840 1745 1883 quartum
1777 1839 2006 1874 membrum

343 1903 465 1939 tertio
493 1903 658 1948 penitus
687 1903 906 1939 adversum
935 1905 999 1939 est
1025 1905 1066 1939 et
1092 1904 1275 1939 continet
1301 1903 1513 1940 individua
1540 1913 1682 1940 eorum
1709 1903 2004 1939 universalium
2025 1915 2059 1940 25

343 1978 449 2014 quae
486 1969 562 2004 sub
599 1968 731 2013 primo
768 1968 952 2004 membro
990 1968 1294 2013 comprehensa
1331 1970 1435 2009 sunt,
1472 1970 1515 2004 ut
1550 1970 1614 2005 est
1649 1969 1714 2004 hic
1752 1969 1887 2010 homo,
1926 1969 2004 2005 1100

342 2034 506 2073 animal,
534 2034 638 2069 haec
666 2033 933 2069 rationalitas.
991 2033 1036 2069 Εἰ
1063 2033 1226 2078 aliquis
1252 2035 1393 2075 1107110,
1419 2034 1459 2069 1(1
1486 2035 1550 2069 est
1575 2034 1825 2078 particulare
1852 2043 2003 2070 nomen

343 2098 514 2134 alicuius
542 2098 731 2133 hominis.
782 2098 900 2133 Nihil
927 2098 1054 2133 eni‘m.
1106 2097 1420 2134 Commendatio
1455 2100 1519 2134 est
1552 2099 1848 2143 exemplorum,
1884 2108 1934 2134 ac
1970 2099 2007 2135 si

342 2163 515 2199 diceret:
543 2163 652 2198 bona
679 2163 872 2207 exempla
899 2163 993 2198 dedi
1022 2163 1062 2198 in
1088 2163 1406 2208 particularibus
1433 2163 1524 2199 istis
1546 2164 1597 2199 de
1619 2163 1681 2198 his
1702 2163 1874 2199 vocibus
1896 2173 2003 2209 quae

342 2237 477 2272 neque
515 2227 706 2264 dicuntur
741 2228 791 2264 de
829 2228 1026 2268 subiecto,
1064 2230 1105 2263 et
1136 2228 1193 2264 ita
1219 2228 1259 2263 in
1287 2228 1387 2264 istis.
1438 2228 1486 2264 Et
1512 2229 1591 2264 1100
1618 2229 1698 2264 est:
1734 2228 1904 2264 nullum
1932 2230 2003 2265 ho·
2023 2239 2057 2264 30

341 2302 439 2327 rum
462 2295 537 2328 etc.
590 2292 708 2332 Quod
730 2293 787 2328 ait
815 2292 934 2328 nihil*
963 2294 1004 2328 et
1033 2298 1202 2338 ,neque‘,
1230 2293 1457 2328 secundum
1479 2303 1597 2329 usum
1619 2287 1837 2330 locutionis
1859 2293 2004 2330 dicitur

341 2357 447 2393 sicut
474 2357 567 2393 illud
591 2357 890 2402 Porphyrii-³³:
927 2366 1074 2402 ‚neque
1101 2358 1198 2393 nihil
1225 2358 1368 2393 horum
1398 2360 1471 2393 est‘
1500 2368 1573 2403 pro
1599 2358 1707 2399 ,nihil
1744 2359 1889 2394 horum
1916 2359 2002 2394 est‘.

341 2420 441 2458 Cum
469 2422 785 2467 particularibus
813 2422 902 2458 istis
928 2423 1158 2467 aequaliter
1184 2423 1428 2458 abstulisset
1454 2423 1533 2459 dici
1560 2424 1610 2459 de
1639 2423 1825 2459 subiecto
1847 2424 1889 2459 et
1909 2432 2002 2459 esse

339 2488 379 2522 in
408 2487 605 2527 subiecto,
643 2487 900 2527 determinat,
929 2496 1008 2531 quo
1047 2487 1206 2523 illorum
1241 2497 1295 2523 ex
1322 2488 1471 2523 natura
1498 2487 1795 2533 singularitatis
1822 2489 2002 2529 careant,

341 2552 498 2588 scilicet
520 2552 598 2587 dici
618 2552 668 2587 de
684 2552 882 2593 subiecto,
903 2553 1033 2588 altero
1050 2561 1149 2587 vero
1166 2562 1259 2588 non.
1302 2552 1351 2587 Et
1364 2553 1443 2588 hoc
1465 2554 1545 2588 est:
1566 2552 1830 2597 Simpliciter
1847 2554 2003 2595 autem,
2021 2561 2056 2586 35

340 2617 379 2652 id
408 2619 470 2652 est
496 2617 796 2654 universaliter,
826 2626 877 2652 ea
904 2627 1013 2661 qliae
1038 2619 1137 2652 sunt
1164 2617 1403 2652 individua.
1456 2616 1538 2653 Sed
1566 2617 1662 2662 quia
1687 2617 1899 2654 individua
1918 2618 2002 2663 plu-

340 2681 452 2717 ribus
480 2681 613 2717 modis
642 2681 824 2719 dicimus,
862 2682 927 2717 vel
954 2683 1124 2726 propter
1150 2682 1397 2726 parvitatem
1426 2682 1584 2718 scilicet
1611 2683 1676 2718 vel
1702 2684 1872 2728 propter
1898 2682 2002 2719 duri-

340 2746 438 2782 tiam
460 2746 524 2782 vel
552 2747 722 2791 propter
742 2746 993 2791 singularem
1017 2748 1057 2782 et
1077 2747 1341 2791 personalem
1367 2746 1726 2792 significationem,
1754 2747 2003 2783 determinat

341 2820 386 2846 se
409 2811 619 2846 individua
641 2811 831 2856 accipere
853 2811 893 2846 in
916 2812 993 2847 hac
1014 2811 1158 2847 ultima
1179 2811 1484 2857 significatione
1507 2813 1549 2847 ut
1569 2812 1795 2857 singularia
1817 2821 2000 2853 numero,

482 2944 522 2974 10
550 2943 780 2975 substantiali
808 2944 834 2975 A
963 2945 1003 2974 15
1030 2934 1075 2975 Ut
1101 2945 1138 2975 ut
1164 2943 1193 2975 A
1315 2944 1357 2975 29
1385 2942 1536 2982 diceret]
1564 2944 1701 2976 diceret
1726 2944 1754 2975 A
1879 2944 1921 2975 39
1949 2937 2000 2978 ut]

339 3010 418 3032 cum
446 3001 475 3033 A

482 3070 490 3092 ¹
520 3072 666 3103 Boeth.
696 3072 717 3104 l.
745 3081 783 3109 0.,
812 3081 845 3112 p.
876 3073 940 3104 193
956 3073 995 3104 Α.
1117 3072 1132 3093 2
1160 3072 1209 3104 Cf.
1237 3081 1369 3113 supra,
1398 3081 1431 3112 p.
1462 3068 1639 3104 12628500-

480 3129 494 3150 ³
520 3131 678 3165 130οῖ11..
709 3131 751 3163 In
779 3131 915 3171 Porph.
944 3132 998 3163 ed.
1028 3131 1054 3163 11
1082 3132 1102 3163 l.
1132 3140 1170 3167 (κ,
1199 3141 1232 3171 p.
1261 3127 1421 3163 2620-7.
