2200 3387
487 271 517 301 2.
549 270 611 301 llio
639 271 793 301 (llossen
823 277 864 300 zu
893 269 961 299 den
994 268 1225 308 lx'utegorien.
1259 286 1297 290 —-
1333 267 1383 299 lle
1412 266 1585 298 relativis.
1805 263 1867 297 201

204 366 343 401 modo
371 366 527 402 scilicet
555 366 917 410 generalissimum
948 374 1096 400 nomen
1127 365 1307 400 oninium
1349 364 1592 398 relationum
1630 362 1871 398 tantundem

204 431 347 466 valens
374 435 570 476 quantum
611 431 766 468 relatio.
804 430 920 465 cuius
957 430 994 465 in
1034 430 1389 474 sequentibus¹
1432 428 1738 464 Aristoteles
1776 427 1874 463 defi-

205 496 399 532 nitionem
419 497 542 541 ponit.
584 496 723 532 Modo
749 505 896 531 nomen
922 497 986 530 est
1007 494 1367 530 fundamentorum
1392 493 1650 529 relationum.
1667 495 1871 536 sumptum

202 561 397 597 sciliceta
414 561 626 598 relatione.
648 560 985 605 generalissimi:
1010 559 1117 595 unde
1139 560 1238 595 dicit
1260 559 1537 594 Boethius-¹.
1561 558 1656 602 quia
1678 557 1874 592 Socrates

166 633 182 655 f»
205 626 241 662 in
271 629 466 671 quantum
497 629 614 671 pater
642 628 714 662 est.
748 626 798 661 ad
829 625 980 670 aliquid
1010 627 1085 662 est.
1121 625 1157 660 id
1188 628 1250 660 est
1288 625 1487 659 formatus
1525 622 1738 658 relatione.
1793 622 1875 657 Nec

205 701 284 727 non
314 691 436 727 etiam
466 701 615 727 nomen
646 700 787 727 eorum
819 690 1028 726 nominum
1057 700 1164 734 quae
1202 699 1225 724 a
1264 689 1534 725 relationibus
1573 689 1736 731 sumpta
1770 689 1875 722 sunt.

204 756 328 792 veluti
359 756 527 791 istorum
558 759 699 801 ‚pater
728 756 846 791 filius·
876 758 916 790 et
938 755 1124 792 aliorum.
1149 765 1225 791 nec
1255 764 1335 790 non
1359 754 1483 790 etiam
1513 753 1740 789 secundum
1773 751 1876 796 prio-

204 831 288 857 rem
336 821 633 858 definitionem.
687 831 807 865 quam
860 821 973 866 ponit
1022 820 1327 856 Aristoteles
1381 821 1421 854 et
1471 818 1666 854 emendat
1720 819 1876 861 postea.

204 896 310 931 quae
339 888 445 922 teste
476 886 713 922 Boethio-'⁸
749 886 930 922 creditur
967 895 1063 921 esse
1094 885 1335 925 Platonis,
1372 884 1573 928 accipitur
1609 883 1687 918 hoc
1725 891 1874 917 nomen

153 957 183 982 ιυ
204 950 254 986 ad
283 951 434 995 aliquid
464 951 501 986 in
531 951 822 995 designatione
852 951 1033 986 omnium
1073 950 1295 987 nominum.
1334 959 1442 994 quae
1484 949 1560 984 hoc
1598 948 1729 992 ipsum
1767 946 1875 991 quod

204 1018 309 1052 sunt.
347 1016 581 1051 conversim
611 1016 660 1052 ad
696 1016 776 1052 alia
804 1016 1031 1062 assignant.
1070 1019 1112 1051 ut
1148 1016 1215 1051 ala
1252 1024 1419 1060 quoque
1457 1014 1506 1050 ad
1538 1014 1703 1049 alatum.
1740 1021 1877 1048 remus

204 1080 254 1116 ad
284 1080 485 1116 remitum.

348 1145 515 1182 Modus
543 1149 681 1182 autem
715 1147 966 1183 tractandi
1006 1147 1069 1182 liic
1106 1149 1180 1183 est.
1216 1146 1323 1190 quod
1363 1146 1475 1191 prius
1514 1146 1665 1180 tractat
1702 1142 1879 1178 relativa

204 1211 431 1247 secundum
455 1221 547 1247 eam
570 1212 853 1248 definitionem
875 1221 982 1257 quae
1005 1221 1030 1247 a
1052 1212 1260 1247 Platone
1283 1211 1379 1247 data
1407 1220 1504 1247 esse
1529 1209 1719 1245 creditur.
1743 1210 1879 1243 osten-

153 1291 183 1315 15
205 1276 347 1320 sisque
376 1276 766 1313 inconvenientibus
795 1286 902 1322 quae
931 1286 983 1313 ex
1013 1286 1063 1313 ea
1091 1278 1331 1321 sequuntur.
1370 1276 1403 1311 si
1432 1275 1522 1320 quis
1550 1283 1641 1310 eam
1675 1272 1880 1309 concedat

204 1341 479 1377 sufficientem
509 1351 614 1379 esse.
643 1342 811 1388 corrigit
838 1352 930 1378 eam
959 1342 1153 1387 ponendo
1183 1351 1299 1377 suam
1322 1351 1371 1377 ac
1393 1341 1558 1377 demum
1581 1339 1877 1385 proprietatem

205 1407 411 1451 supponit.
439 1416 546 1452 quae
575 1407 766 1443 omnibus
793 1410 833 1443 et
861 1408 959 1443 solis
988 1407 1098 1443 veris
1127 1407 1311 1443 relativis
1340 1406 1567 1442 convenire
1596 1404 1772 1440 videtur.

346 1471 461 1508 Nunc
507 1472 666 1508 literam
705 1473 957 1509 insistamus.
1032 1472 1136 1508 Nota
1186 1472 1349 1517 singula
1395 1471 1536 1507 verba.
1602 1469 1674 1505 ,Ad
1713 1466 1878 1512 aliquid·

207 1547 356 1573 nomen
385 1540 446 1573 est
474 1538 758 1583 compositum.
787 1538 902 1574 cuius
931 1538 993 1574 vis
1031 1547 1084 1573 ex
1123 1538 1211 1582 ipsa
1251 1536 1554 1582 compositione
1594 1537 1676 1571 tam
1718 1541 1878 1569 rerum

151 1617 186 1641 ευ
207 1612 330 1647 quam
354 1612 526 1639 vocum
558 1603 854 1648 proprietatem
875 1604 982 1639 bene
1005 1603 1170 1639 videtur
1190 1602 1440 1647 exprimere.
1493 1599 1722 1646 Exponitur
1743 1601 1880 1634 autem

207 1668 311 1704 haec
350 1668 535 1704 definitio
578 1669 616 1704 in
657 1668 949 1714 designatione
990 1669 1131 1704 vocis
1172 1668 1248 1704 sic:
1302 1668 1434 1707 Talia,
1471 1666 1630 1702 scilicet
1666 1662 1882 1700 vocabula.

207 1732 421 1773 (licuntur,
454 1733 681 1769 secundum
717 1733 1066 1779 significationem
1101 1732 1259 1768 scilicet
1296 1731 1554 1768 relationum.
1592 1737 1883 1774 quaec-umque

208 1798 412 1833 (licuntur
437 1798 641 1835 alfornm.
679 1798 716 1834 id
746 1802 809 1834 est
837 1798 1110 1843 assignabilia
1138 1800 1232 1833 sunt
1260 1798 1311 1833 ad
1341 1797 1421 1833 alia
1450 1806 1524 1841 per
1553 1795 1791 1839 (genetivum
1823 1793 1882 1829 vel

209 1864 528 1908 quomodolibet
557 1864 695 1903 aliter.
731 1864 820 1899 sive
855 1864 1013 1900 scilicet
1053 1873 1127 1908 per
1154 1863 1276 1899 alium
1307 1872 1447 1898 casum
1486 1862 1576 1897 sive
1616 1860 1772 1896 scilicet
1809 1868 1883 1903 per

154 1943 188 1967 :5
211 1928 581 1972 praepositionem:
611 1928 742 1964 simile
765 1928 872 1964 enim
904 1938 975 1973 per
1003 1928 1186 1963 dativum
1209 1927 1459 1972 assignatur.
1483 1925 1785 1969 disciplinatum
1810 1932 1884 1968 per

208 1993 446 2030 ablativum.
481 2003 670 2037 magnum
712 2003 785 2038 per
822 1993 1186 2038 praepositionem.
1243 1993 1327 2028 Ilm·
1367 1993 1506 2036 ipsimi
1547 1990 1662 2035 quod
1697 1991 1807 2029 sunt,
1843 1989 1882 2024 id

209 2060 273 2095 est
299 2059 338 2094 in
377 2059 541 2104 propria
570 2068 673 2095 voce
708 2069 789 2104 qua
823 2059 1090 2095 subiciuntur.
1132 2058 1374 2103 praedicata
1411 2057 1639 2101 assignant.
1692 2055 1732 2090 Si
1773 2055 1881 2091 enim

209 2124 370 2160 dicatur
396 2125 470 2160 bos
498 2124 675 2160 bominis
705 2124 930 2169 possessio.
966 2125 1068 2160 llaec
1105 2123 1405 2168 assignationis
1442 2121 1696 2157 constructio
1734 2121 1784 2156 ad
1823 2129 1883 2155 re-

210 2190 387 2226 lationes
428 2194 535 2230 'nonj
576 2190 764 2235 pertinet.
801 2190 896 2235 quia
935 2199 1084 2225 nomen
1116 2189 1232 2224 bovis
1269 2189 1319 2224 ad
1359 2196 1510 2223 nomen
1550 2186 1726 2222 hominis
1761 2186 1799 2221 in
1838 2195 1883 2220 se

154 2269 190 2294 30
212 2255 302 2300 ipso
333 2265 412 2291 non
442 2255 692 2299 assignatur.
721 2255 827 2291 sicut
855 2256 888 2291 si
918 2255 954 2290 id
984 2255 1210 2291 diceretur:
1250 2255 1337 2291 ,bos
1368 2253 1548 2289 hominis
1576 2253 1675 2288 bos.
1709 2251 1783 2287 sed
1811 2260 1886 2296 per

210 2319 318 2355 aliud
348 2329 497 2355 nomen
527 2320 636 2364 quod
665 2322 726 2355 est
762 2320 986 2364 possessio.
1025 2319 1278 2355 constructio
1316 2318 1361 2354 fit
1399 2328 1475 2353 nec
1514 2317 1741 2353 secundum
1780 2315 1883 2351 alios

212 2384 477 2420 relativorum
508 2385 802 2429 proprietatem
834 2385 1041 2429 exigebat.
1096 2384 1208 2420 Bene
1237 2386 1374 2420 autem
1405 2383 1508 2419 dixit
1535 2382 1631 2418 talia
1663 2381 1883 2426 pluraliter.

213 2460 293 2486 non
317 2450 410 2486 tale.
433 2450 725 2486 demonstrans
747 2450 906 2486 scilicet
928 2450 1192 2485 relativorum
1225 2452 1412 2485 naturam
1436 2449 1475 2484 in
1498 2447 1730 2493 pluralitate
1753 2446 1886 2482 consi-

213 2518 335 2551 stere.
364 2515 472 2559 quod
501 2518 542 2550 et
569 2515 812 2559 compositio
850 2515 968 2551 huius
1006 2515 1183 2551 nominis
1222 2515 1330 2560 quod
1367 2517 1430 2550 est
1472 2514 1532 2550 ad
1571 2513 1747 2557 aliquid.
1788 2521 1886 2556 quo-

158 2596 192 2619 :zs
214 2580 434 2617 dammodo
463 2580 604 2616 innuit.
634 2581 671 2615 in
701 2590 781 2625 quo
811 2581 931 2616 etiam
963 2581 1106 2625 plurali
1137 2581 1185 2616 .in
1209 2590 1328 2616 unam
1352 2579 1693 2625 assignationem·
1723 2579 1886 2622 oportet

214 2644 476 2689 subintelligi.
530 2644 616 2679 Non
647 2645 754 2680 enim
790 2645 898 2689 quod
938 2654 1076 2680 remus
1114 2645 1261 2680 dieitur
1298 2644 1417 2680 navis
1455 2653 1604 2679 remus.
1643 2642 1795 2678 sufficit
1835 2641 1884 2676 ad

213 2711 319 2746 hanc
348 2719 513 2754 quoque
543 2710 750 2745 nominum
781 2710 1024 2745 relationem
1055 2720 1176 2754 quam
1215 2710 1278 2745 liic
1314 2709 1472 2753 accipit.
1502 2708 1596 2753 quia
1632 2718 1713 2743 non
1750 2708 1886 2751 potest

218 2777 221 2818 1
247 2775 405 2811 servari
435 2775 668 2810 conversio.
720 2775 818 2810 'l'ale
847 2777 910 2810 est
939 2785 1038 2819 ergo
1067 2776 1175 2819 quod
1205 2775 1281 2810 ait:
1313 2775 1408 2810 talia
1434 2774 1626 2809 dicuntur
1653 2773 1702 2807 ad
1730 2771 1883 2816 aliquid
1913 2776 1934 2807 s.
1964 2776 2030 2806 271·

214 2851 322 2885 quae
351 2844 490 2876 mutuo
519 2840 708 2875 dicuntur
736 2843 810 2875 etc.
865 2839 908 2875 Et
944 2843 1076 2876 nota.
1111 2840 1218 2884 quod
1255 2850 1344 2875 cum
1381 2840 1454 2874 ait:
1497 2839 1719 2874 ‚dic-untur:
1762 2846 1886 2872 voees

360 2970 418 2999 5-ῑί
450 2969 521 3000 Nm·
551 2966 636 3006 non!
667 2968 764 2999 Num·
789 2969 811 2999 .l
882 2968 988 3000 lix-‘T
1019 2969 1255 3006 assignantur
1277 2968 1300 2998 ‚l
1365 2968 1407 2998 25»
1435 2967 1601 2998 similiter
1626 2967 1649 2996 .i
1705 2967 1887 2997 :RS-2911·-

220 3028 366 3059 lationis
395 3028 418 3059 A

363 3092 369 3112 ¹
405 3092 564 3124 Rovtlu..
597 3091 635 3122 1η
666 3092 789 3129 (ῚΙΙνῃ.
819 3091 839 3122 Ι.
868 3102 906 3127 ι’.,
938 3101 968 3129 p.
998 3092 1120 3122 2:³5A.

359 3151 372 3172 '-'
402 3150 552 3182 novin.
583 3153 603 3181 Ι.
633 3160 671 3184 e..
703 3159 734 3189 p.
765 3149 907 3187 muli..
987 3150 1001 3168 ·'‘
1029 3150 1178 3182 lint-ill.
1209 3150 1229 3181 Ι.
1259 3160 1297 3183 ι’..
1328 3159 1358 3189 p.
1389 3150 1507 3181 217t‘.
