2200 3387
306 239 376 273 246
710 240 818 272 Peter
843 239 1049 272 Abaelards
1075 239 1212 281 Logica
1238 237 1562 281 ,Ingredientibus‘.

307 336 565 374 substantiae
594 338 690 373 sunt
715 337 782 372 vel
809 336 1075 381 quantitates,
1112 336 1153 372 in
1181 336 1366 372 essentia
1401 345 1478 372 sua
1513 345 1597 372 non
1629 337 1864 382 comparari
1897 346 1976 374 nec

306 412 389 438 una
416 412 483 438 res
513 403 577 438 est
604 401 736 447 magis
763 401 868 437 haec
895 410 979 437 vox
1017 402 1174 442 ,album‘
1211 410 1333 446 quam
1370 401 1504 437 altera
1538 410 1618 443 res,
1656 411 1749 438 cum
1784 401 1978 439 videlicet

306 467 398 512 ipsa
424 467 464 503 in
493 467 679 503 essentia
706 476 782 503 sua
815 466 865 502 de
903 466 1040 502 multis
1078 476 1161 502 non
1196 465 1472 511 praedicetur.
1524 465 1642 506 Quod
1678 466 1714 503 si
1749 466 1977 504 secundum

307 532 534 568 essentiam
549 541 666 568 suam
687 541 770 568 non
792 531 905 568 venit
926 541 1009 567 vox
1030 531 1083 567 ad
1104 531 1469 576 comparationem,
1491 531 1655 567 videtur
1674 532 1754 568 hoc
1774 541 1828 568 ex
1855 532 1978 578 signi-

307 597 502 634 ficatione
530 597 789 633 contrahere.
841 596 960 632 Unde
993 596 1090 632 illud
1124 596 1227 641 plus,
1265 596 1493 632 secundum
1526 596 1637 641 quod
1669 596 1975 634 Aristoteles
1996 604 2013 630 5

307 663 496 709 assignat
518 662 871 707 comparationem
894 661 934 697 in
955 662 1080 697 rebus
1102 660 1356 706 significatis,
1375 660 1539 697 videtur
1559 670 1656 698 esse
1677 661 1978 707 inquirendum.

309 727 392 764 Sed
420 737 510 764 cum
539 729 794 772 sumptorum
828 726 1039 762 nominum
1068 734 1174 770 quae
1201 726 1253 762 ad
1290 726 1645 772 comparationem
1679 727 1862 769 veniunt,
1897 727 1977 764 duo

311 793 532 830 videantur
552 792 799 838 significata,
820 792 912 837 ipsa
933 791 1091 828 scilicet
1110 791 1299 836 qualitas,
1322 801 1444 836 quam
1466 791 1576 828 01103
1596 791 1826 828 subiectum
1846 792 1980 829 deter-

308 859 446 899 minat,
486 859 527 894 et
564 858 694 902 ipsum
736 857 966 893 subiectum
1007 856 1226 901 qualitatis,
1268 857 1378 901 quod
1416 856 1611 899 nominat,
1645 857 1867 893 videndum
1903 858 1978 899 est,

314 924 430 960 cuius
469 921 787 969 significationis
823 922 912 958 eius
948 921 1001 957 sit
1036 921 1105 957 illa
1139 921 1363 963 maioritas,
1403 922 1632 959 secundum
1658 931 1781 967 quam
1817 927 2035 968 compa-10

311 987 416 1024 ratio
444 987 499 1028 fit,
527 988 661 1022 utrum
689 985 885 1022 videlicet
912 985 1121 1030 qualitatis
1148 986 1215 1021 vel
1241 986 1302 1022 rei
1330 985 1462 1030 qualis
1489 985 1579 1022 sive
1606 985 1820 1031 utriusque
1847 985 1978 1028 simul,

307 1054 351 1088 ut
378 1061 469 1088 cum
497 1061 648 1096 corpus
685 1051 845 1087 dicatur
880 1050 1013 1096 magis
1049 1050 1188 1087 album
1221 1051 1352 1087 altero
1389 1051 1457 1087 vel
1493 1051 1625 1097 magis
1663 1052 1805 1092 breve,
1843 1052 1979 1087 utrum

310 1127 461 1162 corpus
489 1117 622 1152 maius
659 1116 711 1151 sit
737 1116 805 1152 vel
839 1115 1035 1152 accidens
1063 1116 1130 1151 vel
1162 1116 1380 1161 utrumque
1419 1116 1548 1152 simul.
1599 1116 1659 1152 De
1693 1126 1774 1161 quo
1813 1116 1979 1162 quidem

308 1183 416 1218 teste
456 1181 693 1218 Boethi01
732 1182 836 1217 tres
873 1180 990 1216 fuere
1031 1181 1330 1217 sententiae.
1395 1181 1600 1222 Quidam
1638 1181 1748 1217 enim
1786 1181 1980 1218 dicebant

309 1247 519 1293 proprium
542 1256 638 1282 esse
663 1246 864 1282 materiae
885 1255 1106 1291 corporum
1128 1255 1235 1291 quae
1257 1246 1446 1282 subiecta
1467 1247 1532 1282 est
1550 1246 1721 1288 formae,
1742 1246 1979 1283 intensione
2000 1252 2034 1278 15

310 1320 503 1348 crescere
532 1312 572 1347 et
599 1310 726 1346 minui
761 1309 1034 1351 relaxatione,
1071 1319 1179 1355 quae
1216 1309 1426 1346 sententia
1461 1310 1720 1355 quorundam
1756 1311 1846 1346 erat
1877 1309 1980 1346 Pla-

309 1376 600 1412 tonicorum.
641 1373 713 1410 Cui
736 1374 901 1419 quidem
923 1374 1157 1410 sententiae
1178 1374 1269 1419 ipse
1291 1383 1456 1419 quoque
1477 1373 1719 1410 Boethius
1742 1373 1979 1410 consentire

310 1441 475 1477 videtur
501 1440 540 1475 in
568 1440 777 1485 prologo
805 1439 1211 1481 Arithmeticae‘2,
1248 1438 1317 1474 ubi
1349 1438 1452 1474 dixit
1485 1448 1539 1475 ex
1565 1439 1714 1475 natura
1748 1447 1979 1484 corporum,

310 1516 394 1542 non
422 1505 696 1542 accidentium
725 1506 980 1540 crementum
1008 1504 1074 1540 vel
1102 1503 1414 1540 diminutionem
1442 1503 1696 1550 contingere.
1747 1503 1858 1540 Alia
1877 1513 1979 1540 vero

312 1570 571 1607 sententia
607 1569 867 1614 quorundam
900 1570 1000 1610 erat,
1037 1569 1105 1614 qui
1142 1568 1336 1605 dicebant
1370 1569 1617 1612 mediocres,
1651 1578 1735 1605 non
1770 1568 1979 1614 perfectas
2000 1579 2035 1606 20

313 1636 532 1681 qualitates
554 1635 712 1671 intendi
732 1635 799 1670 vel
819 1634 958 1670 minui.
1002 1634 1092 1670 Non
1114 1634 1224 1670 enim
1246 1634 1502 1671 certissimas
1520 1634 1848 1679 verissimasque
1870 1634 1982 1670 artes

313 1702 379 1737 vel
406 1701 580 1736 virtutes
609 1700 803 1736 dicebant
828 1699 960 1745 magis
986 1700 1053 1735 vel
1079 1699 1213 1735 minus
1242 1699 1468 1744 suscipere,
1495 1699 1608 1735 velut
1627 1699 1760 1745 ipsam
1781 1708 1982 1745 gramma-

312 1767 435 1803 ticam
463 1767 587 1810 atque
614 1765 822 1806 iustitiam,
851 1765 925 1801 sed
952 1764 1196 1806 mediocres,
1231 1774 1338 1810 quae
1366 1773 1502 1809 neque
1528 1764 1586 1800 ita
1611 1764 1824 1810 perfectae
1851 1764 1980 1806 erant,

311 1832 355 1868 ut
381 1841 464 1867 non
491 1831 665 1876 possent
692 1839 897 1872 crescere,
925 1838 1061 1875 neque
1089 1829 1195 1866 adeo
1222 1839 1391 1875 parvae,
1418 1830 1462 1866 ut
1487 1832 1619 1872 <non>
1644 1830 1818 1875 possent
1843 1828 1980 1871 minui,

311 1898 355 1933 ut
382 1898 456 1938 est,
483 1895 625 1941 inquit,
653 1895 988 1931 architectonica.
1039 1894 1207 1930 Tertia
1242 1903 1356 1936 vero,
1392 1895 1459 1936 ait,
1500 1893 1757 1940 80111οζ11113
1791 1895 1893 1936 0131,
1928 1893 1979 1930 (10
1999 1907 2035 1934 25

311 1972 392 2007 qua
418 1961 725 1997 Aristoteles
752 1960 942 2006 loquitur,
971 1960 1080 2005 quod
1108 1960 1222 2005 ipsas
1249 1960 1413 2005 quidem
1434 1959 1700 1996 habitudines
1720 1959 1832 1996 nulla
1850 1959 1982 1995 inten-

311 2027 430 2063 sione
459 2035 649 2063 01080010
683 2027 810 2071 1111131,
845 2025 920 2061 sed
954 2034 1096 2061 earum
1130 2025 1430 2070 participantes
1469 2025 1543 2061 sub
1584 2024 1778 2061 examine
1818 2033 1982 2070 compa-

311 2091 486 2128 rationis
514 2091 671 2132 venire,
699 2092 743 2126 ut
769 2091 820 2126 de
846 2090 910 2126 his
937 2090 1070 2135 magis
1097 2090 1287 2126 minusve
1315 2089 1486 2126 dicatur.
1536 2089 1669 2135 Negat
1705 2089 1814 2126 enim
1849 2088 1982 2135 magis

312 2166 408 2193 esse
436 2156 670 2197 sanitatem,
696 2155 737 2191 id
765 2156 829 2191 est
856 2155 1068 2191 saniorem
1095 2156 1136 2191 et
1154 2154 1287 2200 magis
1314 2164 1470 2196 sanam,
1494 2155 1535 2191 ut
1560 2153 1677 2199 ipsae
1699 2153 1864 2199 quidem
1885 2162 1982 2199 qua-

311 2222 449 2258 litates
476 2231 559 2257 non
587 2221 817 2266 suscipiunt
837 2220 970 2266 magis
991 2220 1058 2256 vel
1079 2219 1222 2256 minus.
1275 2219 1353 2260 Qui
1373 2228 1474 2256 vero
1495 2219 1722 2256 secundum
1743 2228 1817 2255 eas
1838 2219 1982 2264 quales
2001 2231 2037 2258 so

312 2287 512 2327 dicuntur,
546 2286 625 2331 ipsi
652 2286 729 2322 sub
762 2285 1073 2330 comparatione
1106 2285 1268 2321 cadunt.
1320 2284 1423 2320 Nam
1461 2284 1553 2329 ipsa
1590 2283 1861 2330 grammatica
1898 2293 1982 2320 non

313 2351 486 2397 suscipit
513 2350 645 2397 magis
673 2360 751 2387 nec
777 2350 924 2392 minus,
952 2350 1027 2386 sed
1054 2349 1124 2394 qui
1149 2349 1240 2394 ipsa
1266 2349 1537 2395 grammatica
1562 2348 1792 2394 participat.

455 2416 571 2452 Nunc
598 2415 763 2461 quidem
791 2414 995 2461 expositis
1023 2415 1252 2451 secundum
1278 2413 1538 2450 Boethium
1564 2414 1694 2450 tribus
1722 2413 1981 2450 diversorum

313 2481 577 2527 opinionibus
593 2480 975 2517 Aristotelicam
994 2479 1214 2516 veritatem
1232 2479 1533 2524 perquiramus.
1565 2478 1672 2516 Dicit
1685 2479 1826 2524 itaque
1845 2478 1983 2524 qualia

312 2547 445 2593 magis
473 2547 514 2583 et
540 2546 674 2582 minus
701 2545 792 2587 dici,
819 2554 903 2581 non
931 2544 1163 2590 qualitates,
1191 2544 1300 2580 unde
1321 2544 1506 2590 ipsorum
1527 2544 1719 2590 qualium,
1745 2553 1830 2581 non
1856 2543 1983 2589 quali·
2001 2555 2037 2582 35

313 2614 442 2648 tatum
469 2611 708 2657 magnitudo
736 2610 803 2647 vel
828 2610 1013 2656 parvitas
1042 2619 1140 2646 esse
1167 2609 1371 2651 videntur,
1399 2619 1506 2655 quae
1532 2619 1608 2655 per
1633 2609 1764 2655 magis
1786 2610 1827 2645 et
1846 2608 1982 2646 minus

314 2676 596 2721 designantur.
649 2674 732 2711 Sed
753 2684 845 2710 cum
865 2675 971 2710 11300
991 2683 1122 2719 parva
1142 2673 1368 2719 margarita
1385 2673 1546 2710 dicatur
1563 2672 1695 2719 magis
1716 2673 1811 2709 alba
1829 2681 1982 2718 magno

316 2750 435 2786 equo,
468 2740 509 2776 in
543 2749 623 2785 quo
658 2739 867 2775 notabitur
902 2738 1142 2784 magnitudo
1175 2738 1265 2774 eius
1298 2739 1494 2784 respectu
1521 2738 1627 2784 equi,
1666 2739 1737 2774 aut
1774 2737 1981 2783 quomodo

315 2806 419 2842 haec
445 2805 583 2841 anima
609 2806 912 2851 grammaticior
937 2803 1005 2840 illa
1032 2803 1190 2840 dicetur
1210 2803 1276 2839 vel
1302 2802 1455 2844 iustior,
1483 2813 1576 2840 oum
1601 2803 1776 2848 utraque
1803 2801 1857 2838 sit
1881 2801 1983 2838 indi-

456 2931 498 2963 29
527 2939 655 2963 sonum
681 2930 710 2962 A

459 2999 648 3033 1Boeth.
677 3000 699 3032 l.
727 3009 766 3038 0.,
794 3009 828 3041 p.
857 3000 972 3032 2573.

457 3058 471 3080 ‘2
497 3059 657 3097 Boeth.,
686 3059 878 3092 Institutio
913 3058 1024 3091 arith.
1050 3058 1104 3091 ed.
1137 3058 1176 3091 G.
1198 3058 1447 3097 Friedlein,
1474 3057 1620 3099 Lipsiae
1649 3055 1849 3097 (Teubner)
1879 3056 1981 3096 1867,

317 3128 351 3159 p.
380 3118 420 3151 81
442 3127 523 3159 sqq.
576 3118 627 3150 Cr.
655 3126 778 3159 supra
804 3126 837 3158 p.
868 3117 932 3149 162
960 3126 993 3149 n.
1022 3117 1053 3149 2.
