2200 3387
212 905 243 929 l«)

210 1237 242 1262 15

209 1563 244 1588 §.²0

208 1889 242 1914 25

207 2213 242 2244 30

209 2544 244 2569 35

210 2873 245 2897 40

481 217 511 249 2.
542 218 605 249 l)ie
633 219 789 250 (llossen
818 227 860 249 zu
889 218 958 249 den
988 216 1222 256 Kategorien.
1252 231 1294 234 —
1324 215 1375 247 De
1404 215 1617 255 quantitate.
1875 212 1934 246 181

265 316 461 359 punctum
489 314 626 350 lineae
656 324 736 350 non
776 315 853 350 erit
890 323 998 359 pars,
1035 313 1109 348 sed
1147 312 1376 347 communis
1406 311 1606 347 terminus
1645 311 1832 356 partium*
1862 313 1937 346 etc.

265 379 357 424 lpse
386 380 509 415 ctiam
539 379 777 415 Boethius
806 379 845 415 in
869 377 1225 414 Aritllrnetica¹
1250 376 1356 414 dicit.
1380 376 1487 421 quod
1511 376 1543 411 si
1568 378 1762 420 punctum
1786 377 1938 421 puncto

265 454 491 490 supponas,
527 445 580 480 nil
615 444 786 483 efficies.
823 447 1033 488 tamquam
1072 442 1106 478 si
1143 442 1311 477 nihilum
1353 441 1478 477 nihilo
1516 441 1674 486 iungas.
1728 440 1768 476 Si
1802 443 1937 477 autem

265 510 524 555 suppositum
563 510 714 546 nullum
751 509 849 546 facit
885 508 1172 553 compositum,
1209 507 1418 552 quomodo
1459 506 1590 550 magis
1628 505 1938 551 praepositum?

266 574 336 609 His
365 574 503 619 itaque
531 574 847 610 auctoritatibus
876 572 1071 618 quidam
1101 571 1382 607 adhaerentes
1410 572 1566 615 negant
1593 570 1761 606 omnino
1789 570 1936 606 lineam

265 649 318 676 ex
341 639 512 685 punctis,
535 639 609 675 sed
631 648 796 675 omnem
819 637 1257 684 compositamlineam
1281 646 1334 672 ex
1357 636 1584 672 minoribus
1606 635 1724 671 lineis
1745 637 1939 671 constare

264 705 418 742 volunt.
447 707 489 740 ut
516 704 761 740 infinitatem
790 704 987 740 devitent.
1040 703 1189 739 Dicunt
1210 702 1335 738 etiam
1356 702 1536 737 fortasse
1559 701 1766 746 quandam
1789 701 1939 737 lineam

265 779 372 815 quae
400 770 542 806 ultima
569 772 643 808 est.
673 769 901 814 simplicem
931 778 1039 808 esse,
1068 768 1173 803 sicut
1201 769 1265 803 est
1292 767 1417 803 etiam
1439 768 1646 812 punctum,
1675 776 1782 811 quae
1804 776 1940 811 neque

264 835 461 871 continua
488 835 698 880 quantitas
726 844 862 879 neque
891 834 1082 873 discreta,
1120 833 1226 869 sicut
1254 835 1294 868 et
1321 832 1360 868 in
1389 834 1576 877 tempore
1614 832 1680 867 vel
1717 832 1809 867 loco
1846 841 1941 867 con-

264 901 391 945 tingit.
420 910 527 945 quae
555 900 758 945 simplicia
785 902 889 936 sunt.
943 899 1025 935 Sed
1052 900 1187 935 utrum
1221 897 1484 934 indivisibilis
1522 897 1575 933 sit
1610 897 1722 933 linea
1758 897 1864 933 sicut
1901 898 1941 933 et

263 967 458 1010 punctum
499 965 718 1011 eidemque
756 965 994 1001 indivisibili
1040 964 1228 1000 subiecto
1267 963 1460 1000 adiaceat
1499 965 1540 999 et
1581 964 1713 998 utrum
1738 962 1741 1007 Ι
1766 962 1940 998 subiecti

263 1031 393 1076 ipsius
421 1031 474 1067 sit
501 1040 709 1069 mensura.
738 1031 778 1066 in
807 1040 887 1076 quo
910 1030 1029 1067 aliter
1050 1040 1124 1075 per
1143 1029 1305 1071 lineam,
1327 1029 1448 1065 aliter
1468 1038 1542 1073 per
1563 1029 1758 1074 punctum
1781 1036 1942 1063 mensu-

263 1098 386 1134 retur.
415 1096 577 1132 definiri
605 1106 688 1132 non
714 1098 864 1142 potest.
917 1095 1036 1132 Unde
1065 1105 1118 1131 ex
1144 1095 1224 1131 hoc
1251 1104 1416 1140 quoque
1443 1094 1551 1130 hanc
1578 1093 1829 1130 sententiam
1858 1103 1940 1129 non

263 1162 596 1207 comprobamus,
625 1171 732 1207 quae
761 1161 920 1198 scilicet
946 1162 1073 1207 negat
1099 1162 1296 1206 punctum
1324 1169 1420 1196 esse
1448 1161 1609 1205 partem
1637 1159 1785 1195 lineae.

407 1227 602 1264 Obiectas
618 1229 756 1263 autem
777 1227 1048 1263 auctoritates
1071 1226 1127 1262 ita
1148 1226 1420 1262 absolvimus:
1467 1224 1567 1261 Cum
1596 1225 1653 1260 ait
1680 1224 1759 1260 duo
1788 1225 1941 1269 puncta

262 1293 461 1329 terminos
499 1302 553 1329 ex
586 1293 734 1338 quibus
773 1293 865 1338 ipsa
903 1294 1078 1331 constat,
1118 1291 1318 1328 terminos
1358 1290 1520 1336 accepit
1558 1290 1832 1326 terminantes
1873 1299 1942 1326 ex-

262 1358 481 1397 trinsecus.
516 1368 599 1394 non
632 1358 894 1398 intrinsecus.
934 1358 993 1394 ad
1033 1367 1156 1403 quos
1193 1356 1363 1397 scilicet,
1403 1366 1486 1392 non
1526 1356 1572 1391 in
1612 1356 1791 1401 quibus
1831 1355 1942 1392 linea

262 1424 517 1460 terminatur.
569 1423 616 1459 Et
637 1424 676 1459 hi
699 1423 865 1468 quidem
885 1423 1050 1459 termini
1070 1432 1295 1467 numquam
1323 1423 1418 1457 sunt
1445 1421 1495 1457 de
1519 1421 1705 1457 essentia
1725 1421 1796 1462 rei,
1824 1422 1940 1457 cuius

264 1490 358 1524 sunt
378 1489 553 1529 termini,
576 1499 655 1525 nec
676 1491 818 1534 partes
841 1490 937 1524 sunt
956 1488 1099 1534 ipsius.
1150 1488 1199 1524 Hi
1220 1497 1322 1524 vero
1342 1487 1411 1532 qui
1432 1487 1684 1523 intrinsecus
1706 1487 1940 1529 terminant,

265 1563 434 1599 semper
460 1556 556 1590 sunt
582 1554 622 1590 in
651 1556 805 1599 partes,
838 1556 882 1590 ut
908 1553 1195 1599 praedicatum
1223 1554 1264 1589 et
1291 1552 1522 1589 subiectum
1549 1551 1848 1597 propositionis
1875 1552 1942 1590 vel

261 1619 341 1656 hoc
368 1629 574 1665 praesens
602 1620 801 1665 temporis
829 1619 1051 1665 compositi
1079 1620 1119 1655 et
1144 1628 1241 1663 pars
1269 1620 1332 1654 est
1359 1619 1400 1654 et
1430 1617 1632 1654 terminus
1666 1618 1774 1653 inter
1800 1619 1942 1663 partes

264 1686 488 1727 extremas,
516 1695 624 1730 quae
661 1686 757 1721 sunt
789 1684 1061 1730 praeteritum
1098 1686 1138 1720 et
1172 1684 1364 1720 futurum.
1416 1683 1529 1719 Idem
1565 1685 1705 1719 autem
1741 1683 1941 1719 terminus

264 1751 528 1787 extrinsecus
555 1751 784 1787 terminans
812 1752 853 1787 et
879 1750 1128 1786 intrinsecus
1157 1750 1209 1786 ad
1237 1750 1407 1786 diversa
1428 1749 1507 1785 dici
1534 1750 1683 1794 potest,
1705 1750 1748 1785 ut
1769 1749 1809 1785 in
1831 1749 1942 1785 linea

263 1815 499 1860 tripunctali
528 1818 760 1853 extremum
788 1818 984 1862 punctum
1012 1817 1209 1861 quantum
1239 1815 1289 1851 ad
1318 1815 1453 1860 ipsam
1480 1816 1608 1850 totam
1642 1814 1843 1851 terminus
1878 1816 1942 1851 est

264 1880 514 1918 intrinsecus
542 1882 781 1921 terminans,
816 1882 912 1927 quia
946 1882 1010 1918 est
1043 1881 1094 1917 de
1128 1881 1316 1917 essentia
1347 1880 1484 1916 lineae
1518 1880 1787 1925 tripunctalis‚
1816 1890 1942 1925 quan-

262 1948 346 1982 tum
374 1957 476 1983 vero
504 1948 556 1984 ad
585 1947 863 1992 bipunctalem
891 1947 1044 1983 lineam
1081 1947 1345 1983 extrinsecus
1383 1947 1447 1982 est
1484 1946 1725 1986 terminans,
1762 1945 1941 1990 ideoque

263 2012 314 2048 de
337 2012 426 2048 eius
455 2013 642 2049 essentia
668 2015 711 2049 ut
738 2022 835 2058 pars
863 2022 946 2049 non
975 2014 1049 2048 est.
1102 2011 1297 2049 Similiter
1322 2014 1520 2057 punctum
1548 2011 1655 2047 inter
1682 2011 1786 2047 duas
1807 2011 1940 2047 lineas

262 2077 454 2122 positum,
482 2078 629 2123 quibus
658 2078 887 2114 communis
916 2079 979 2114 est
1005 2078 1207 2114 terminus
1240 2077 1471 2113 terminans
1499 2078 1717 2122 utramque
1740 2076 1941 2112 extrinse-

263 2151 348 2182 cus,
382 2143 530 2179 nullius
571 2153 714 2180 earum
754 2153 852 2189 pars
892 2145 966 2185 est,
1008 2152 1115 2188 quae
1151 2145 1291 2179 tamen
1331 2143 1547 2179 cuiusdam
1587 2151 1764 2187 magnae
1804 2142 1940 2178 lineae

263 2209 493 2245 constantis
522 2219 575 2245 ex
611 2209 700 2254 ipso
730 2211 771 2245 et
798 2209 958 2245 duabus
986 2209 1076 2245 aliis
1103 2208 1224 2245 lineis
1253 2218 1356 2254 quas
1383 2208 1518 2253 ipsum
1546 2208 1723 2253 copulat,
1752 2217 1848 2252 pars
1877 2207 1940 2243 sit.

264 2273 382 2314 Quod
409 2275 548 2310 autem
577 2274 633 2310 ait
660 2274 701 2310 in
729 2274 1074 2315 Arithmetica‚
1103 2274 1281 2319 qualiter
1307 2274 1359 2309 sit
1380 2273 1703 2319 intelligendum,
1726 2272 1816 2318 ipse
1839 2272 1941 2308 satis

264 2339 446 2375 ostendit
473 2349 527 2376 ex
554 2340 832 2381 similitudine,
861 2350 983 2385 quam
1012 2340 1151 2376 statim
1179 2339 1375 2385 supponit
1403 2339 1453 2375 de
1487 2339 1648 2375 duobus
1686 2338 1863 2375 senariis
1900 2337 1941 2374 in

264 2404 561 2442 constitutione
578 2405 835 2442 duodenarii.
864 2405 977 2442 Sicut
998 2405 1108 2442 enim
1131 2405 1237 2441 inter
1259 2405 1469 2441 senarium
1492 2406 1534 2440 et
1554 2403 1765 2440 senarium
1787 2403 1941 2439 nullum

265 2471 329 2505 est
365 2470 637 2509 intervallum,
676 2471 716 2507 id
751 2473 815 2507 est
850 2471 962 2507 nulla
995 2471 1192 2507 distantia
1228 2470 1534 2516 magnitudinis,
1572 2469 1667 2514 quia
1703 2471 1841 2505 tantus
1878 2470 1942 2505 est

265 2535 344 2572 iste
366 2535 556 2571 senarius
579 2538 758 2581 quantus
778 2537 857 2575 ille,
885 2537 943 2573 ita
964 2537 1087 2573 etiam
1110 2536 1207 2573 dicit
1223 2545 1315 2572 esse
1337 2536 1445 2572 inter
1466 2537 1660 2581 punctum
1684 2536 1724 2571 et
1745 2536 1939 2579 punctum

265 2601 585 2645 superpositum,
607 2601 703 2646 quia
724 2603 881 2638 tantum
910 2603 974 2638 est
996 2602 1104 2638 istud
1125 2603 1324 2647 quantum
1346 2601 1454 2637 illud.
1506 2600 1625 2642 Quod
1647 2610 1747 2646 ergo
1772 2600 1845 2636 ait:
1875 2600 1940 2638 ,nil

265 2665 449 2703 efficies‘.
486 2666 576 2711 ipse
610 2667 748 2703 statim
783 2667 1032 2704 determinat
1068 2677 1311 2713 supponens
1348 2666 1502 2702 nullum
1538 2666 1630 2702 fieri
1666 2666 1939 2706 intervallum,

265 2731 343 2767 hoc
371 2732 435 2767 est
461 2731 604 2767 haberi
632 2732 873 2776 quantitatis
901 2732 1191 2769 differentiam.
1244 2732 1285 2769 Si
1313 2731 1420 2769 enim
1444 2732 1501 2768 ita
1521 2731 1761 2776 simpliciter
1782 2731 1941 2767 dicatur

265 2796 320 2832 nil
348 2796 515 2832 omnino
542 2797 634 2832 fieri
662 2806 743 2833 uno
771 2799 924 2843 puncto
952 2797 1218 2843 superposito
1247 2797 1366 2833 alteri
1388 2806 1592 2841 umquam.
1621 2798 1765 2841 aperte
1794 2795 1940 2832 falsum

267 2862 391 2898 esset.
419 2860 572 2905 quippe
601 2861 634 2896 si
662 2861 758 2906 quid
785 2862 951 2898 cuilibet
978 2862 1038 2897 rei
1065 2861 1118 2897 sit
1144 2861 1340 2898 additum,
1368 2862 1498 2897 totum
1526 2860 1659 2896 maius
1687 2860 1874 2895 efficitur.

408 2972 426 3003 2
450 2971 660 3004 arismetica
680 2971 708 3003 A
811 2972 852 3003 10
869 2969 1003 3011 utrum]
1024 2980 1105 3003 cum
1131 2971 1159 3004 A
1271 2972 1312 3003 34
1337 2973 1393 3003 est
1414 2971 1513 3003 nulla
1534 2973 1591 3003 est
1611 2970 1640 3002 A
1757 2971 1801 3003 36
1830 2969 1939 3010 istud]

266 3032 351 3063 illud
375 3031 403 3063 A
530 3032 572 3062 40
597 3031 677 3070 quis
701 3030 726 3062 Α
757 3030 993 3063 EFFICITI'R
1020 3030 1046 3063 A

409 3095 419 3117 ¹
449 3096 614 3130 Boeth..
650 3096 701 3128 De
728 3096 842 3128 instit.
873 3096 986 3128 arith.
1014 3096 1069 3127 ed.
1100 3096 1343 3133 Friedlcin,
1373 3095 1519 3136 Lipsiae
1544 3096 1644 3133 1867,
1674 3105 1707 3136 p.
1730 3094 1938 3128 {ww—38¹.

266 3149 418 3182 Abael.
448 3149 470 3182 1.
499 3160 538 3184 e..
568 3159 600 3191 p.
632 3150 707 3182 182.

1968 968 1989 1001 s.
2019 969 2085 1000 26r
