2200 3387
559 200 584 230 1.
616 198 679 230 Die
707 198 866 230 (llosson
895 207 938 230 zu
967 198 1199 238 Porphyrius.
1230 213 1270 217 ——
1301 198 1352 230 Dc
1380 200 1516 239 specio.
1829 199 1875 232 55

204 294 433 334 veniemus.
462 295 500 331 in
529 295 689 340 quibus.
717 295 875 331 seilicet
902 295 1047 331 decem
1075 295 1310 339 generibus.
1348 296 1527 332 omnium
1566 297 1753 336 aliorum.
1790 300 1872 333 tam

202 368 401 406 generum
431 369 553 405 quam
582 360 828 406 specierum.
856 359 1186 404 significationes
1214 360 1412 405 incipiant
1440 362 1556 405 quasi
1591 362 1629 398 in
1667 363 1874 408 supremis

204 434 347 461 eorum
376 425 597 470 principiis,

350 490 495 526 Decem.
527 490 711 535 quidem.
750 489 1020 525 Confirmavit
1049 490 1210 526 ratione
1240 491 1281 526 et
1308 491 1555 527 auctoritate
1584 492 1878 530 Aristotelis

167 555 350 591 bdecem
377 564 472 591 esse
499 554 829 601 generalissima.
882 555 979 591 Illud
1012 555 1120 591 idem
1156 556 1314 600 repetit.
1353 557 1395 591 ut
1431 556 1557 592 addat
1593 559 1633 592 et
1669 560 1874 600 ostendat

204 619 314 665 quod
342 619 437 656 licet
463 619 784 665 generalissima
811 622 967 656 certum
997 629 1210 656 numerum
1240 621 1434 661 habeant,
1468 622 1770 666 specialissima
1800 626 1875 660 sub

203 685 318 720 certo
347 693 428 720 non
451 683 707 719 clauduntur.
759 683 877 724 Quod
905 684 1086 720 fortasse
1109 684 1204 720 inde
1227 684 1448 725 videretur.
1471 685 1578 730 quod
1600 687 1776 722 eundem
1807 698 1875 724 nu-

204 758 362 785 merum
389 748 673 785 habitudinum
702 748 757 784 illi
779 749 971 794 superius
993 748 1286 794 assignaverat
1308 750 1471 786 dicens:
1501 750 1731 790 ,Exstrema
1752 762 1874 788 unam

203 814 358 850 habent
385 813 692 850 habitudinem.‘
745 814 803 850 Ne
840 823 941 860 ergo
979 814 1200 855 videretur,
1240 815 1349 860 quod
1386 816 1745 860 quemadmodum
1771 817 1875 854 haec

150 888 182 912 10
203 878 243 915 in
271 878 504 924 quantitate
531 878 816 914 habitudinum
846 879 1111 920 conveniunt,
1146 889 1237 915 cum
1266 880 1430 925 singula
1458 890 1581 916 unam
1620 883 1777 918 tantum
1807 882 1875 918 ha-

201 944 327 980 beant
354 943 649 983 habitudinem.
686 944 743 980 ita
779 940 904 980 etiam
927 946 932 986 1
956 944 996 980 in
1033 954 1206 980 numero
1243 945 1518 981 convenirent
1554 956 1658 982 suae
1695 948 1870 983 multitu-

201 1008 319 1049 dinis,
347 1008 529 1044 ostendit
556 1018 772 1045 numerum
800 1009 973 1045 istorum
1001 1019 1083 1046 non
1112 1019 1207 1046 esse
1235 1010 1461 1050 definitum.
1489 1011 1595 1047 sicut
1617 1014 1681 1048 est
1702 1012 1873 1054 illorum,

200 1082 308 1119 quae
336 1075 432 1110 sunt
459 1083 618 1120 genera
645 1074 802 1110 decem.
854 1074 1070 1111 Individua
1091 1084 1192 1111 vero
1218 1076 1386 1112 omnino
1409 1076 1570 1113 infinita
1591 1077 1698 1113 dicit.
1751 1077 1875 1114 Nota

199 1139 372 1176 verbum
401 1138 583 1180 ‚infinita‘
612 1140 773 1176 duobus
802 1140 935 1176 modis
962 1141 1095 1186 accipi
1121 1151 1260 1186 posse.
1289 1142 1353 1177 vel
1389 1144 1587 1187 quantum
1625 1143 1785 1180 scilicet
1821 1144 1873 1180 ad

147 1212 179 1237 1⁵
199 1206 401 1246 naturam,
428 1207 471 1241 ut
498 1206 614 1241 tanta
640 1205 802 1242 dicatur
828 1206 1054 1247 multitudo,
1083 1207 1193 1251 quod
1221 1216 1299 1243 nec
1326 1207 1365 1243 in
1403 1210 1551 1244 natura
1588 1208 1640 1244 sit
1675 1218 1872 1245 numerus

199 1269 406 1309 definitus.
434 1270 543 1314 quod
577 1269 806 1315 pessimum
840 1272 905 1306 est
932 1270 1247 1311 inconveniens,
1276 1272 1342 1308 vel
1370 1274 1568 1317 quantum
1581 1273 1642 1313 ,ad
1661 1273 1872 1310 hominum

198 1334 489 1380 cognitionem.
518 1336 561 1370 ut
588 1337 652 1371 est
679 1344 809 1371 arena
836 1336 973 1377 maris,
1001 1345 1109 1381 quae
1139 1336 1235 1372 licet
1262 1337 1302 1373 in
1336 1338 1486 1373 natura
1519 1347 1622 1374 suae
1659 1339 1871 1375 essentiae

198 1401 336 1436 certas
364 1400 518 1436 habeat
550 1402 696 1440 metas.
734 1410 931 1437 numerus
965 1403 1106 1438 tamen
1134 1402 1364 1447 lapillorum
1396 1403 1553 1439 homini
1587 1413 1669 1439 non
1707 1406 1769 1440 est
1805 1405 1872 1440 de-

197 1463 349 1500 finitus.
400 1463 448 1499 Et
474 1464 553 1500 hoc
580 1464 702 1500 modo
731 1465 944 1501 individua
971 1465 1068 1501 dicit
1102 1475 1197 1502 esse
1231 1466 1403 1507 infinita,
1440 1467 1744 1512 specialissima
1770 1478 1871 1504 vero

142 1538 178 1565 20
198 1538 280 1565 non
301 1528 399 1564 dicit
425 1528 597 1570 infinita,
626 1529 701 1565 sed
728 1532 855 1575 negat
882 1539 979 1566 esse
1001 1530 1040 1566 in
1070 1540 1242 1566 numero
1271 1531 1454 1571 definito,
1482 1531 1592 1568 aliud
1621 1532 1787 1576 quidem
1815 1532 1872 1569 in-

197 1593 374 1630 tendens
402 1603 477 1639 per
504 1593 698 1635 ‚infinita‘.
738 1595 847 1631 aliud
874 1605 950 1641 per
987 1605 1081 1636 ‚non
1108 1595 1248 1632 finita.
1302 1597 1378 1633 Per
1414 1606 1506 1634 ,non
1541 1597 1724 1634 definita‘
1762 1598 1870 1634 enim

197 1660 355 1696 tantum
383 1661 570 1696 removet
597 1660 887 1697 certitudinem
915 1661 1076 1699 numeri
1103 1671 1128 1697 a
1155 1664 1299 1698 nostra
1320 1662 1568 1708 cognitione,
1591 1673 1666 1708 per
1687 1663 1869 1702 infinita·

196 1732 310 1765 vero,
337 1733 429 1760 cum
456 1724 565 1760 idem
592 1724 747 1766 innuat,
775 1725 854 1761 hoc
882 1725 1051 1770 insuper
1078 1726 1249 1762 denotat
1276 1727 1520 1771 contingere
1554 1736 1608 1763 ex
1641 1728 1869 1765 mutatione

196 1787 514 1833 significationis
530 1788 800 1834 singularium
816 1798 976 1829 vocum,
993 1799 1100 1834 quae
1116 1790 1239 1826 modo
1255 1790 1413 1827 scilicet
1428 1790 1758 1836 significationes
1775 1794 1870 1828 sunt

142 1864 176 1890 25
196 1862 346 1893 rerum,
373 1853 470 1889 dum
497 1853 615 1898 ipsae
641 1856 901 1899 permanent,
935 1854 1059 1891 modo
1097 1865 1191 1891 non.
1243 1855 1361 1891 Unde
1398 1856 1791 1901 specialissimorum
1829 1860 1870 1894 et

196 1919 429 1954 ceterorum
457 1919 752 1955 universalium
780 1929 862 1956 non
885 1922 949 1956 est
970 1920 1181 1956 variabilis
1203 1920 1466 1966 significatio
1488 1922 1585 1967 quia
1606 1922 1641 1958 si
1662 1923 1867 1967 quaedam

195 1983 520 2020 substantiarum
559 1986 746 2029 pereant,
784 1984 823 2020 in
861 1984 1166 2030 significatione
1203 1985 1436 2031 aliquorum
1475 1989 1734 2032 permanent
1775 1997 1868 2024 cum

195 2047 277 2084 sint
303 2048 523 2084 multorum
550 2049 796 2085 communia.

335 2113 611 2150 Notandum
647 2113 755 2150 hanc
791 2114 1040 2151 infinitatem
1076 2114 1128 2151 ad
1167 2115 1306 2151 omnia
1343 2116 1555 2152 individua
1592 2127 1674 2153 non
1712 2118 1865 2157 reduci.

139 2192 174 2219 30
194 2178 269 2215 sed
296 2178 476 2215 maxime
503 2179 557 2215 ad
584 2179 837 2225 separabilia
863 2179 1097 2216 accidentia
1123 2181 1163 2216 et
1190 2181 1243 2217 ad
1271 2181 1465 2220 animata,
1493 2191 1601 2227 quae
1623 2182 1868 2227 frequenter

192 2245 380 2289 pereunt.
431 2244 647 2281 Individua
673 2254 774 2281 vero
802 2245 950 2290 lapidis
977 2246 1042 2282 vel
1079 2245 1311 2282 animarum
1338 2256 1587 2292 permanere
1615 2257 1782 2293 semper
1809 2249 1866 2285 vi-

193 2306 353 2343 dentur.
404 2307 484 2344 Sed
513 2307 692 2345 fortasse
720 2308 869 2345 dicitur
894 2309 1004 2354 quod
1033 2310 1383 2354 quemadmodum
1416 2311 1632 2347 individua
1659 2312 1867 2357 quaedam

193 2370 395 2418 contingit
422 2371 613 2417 deperire
640 2374 765 2418 atque
797 2372 892 2409 ideo
920 2383 996 2419 per
1022 2383 1073 2410 ea
1101 2374 1368 2411 dividendum
1396 2374 1495 2421 [est]
1523 2385 1604 2411 non
1631 2377 1705 2417 est,
1743 2376 1800 2412 ita
1826 2378 1868 2412 et

193 2436 400 2481 quaedam
428 2437 742 2482 specialissima,
770 2438 918 2484 quibus
947 2440 1086 2475 tamen
1115 2439 1302 2476 dividere
1326 2440 1531 2485 relinquit.
1582 2441 1685 2477 Nam
1708 2451 1805 2478 rosa
1826 2444 1867 2478 et

139 2501 319 2542 351ilium
346 2511 430 2538 non
458 2511 625 2549 semper
659 2513 910 2549 permanere
937 2504 1140 2545 videntur,
1178 2505 1258 2541 nisi
1293 2505 1400 2542 forte
1437 2506 1604 2551 quando
1643 2507 1751 2552 apud
1789 2517 1865 2543 nos

194 2575 277 2602 non
304 2568 411 2609 sunt,
438 2567 548 2613 apud
575 2568 679 2605 alios
705 2578 800 2606 esse
829 2569 1019 2606 dicantur
1046 2580 1120 2615 pro
1146 2572 1295 2607 natura
1316 2574 1455 2608 terrae
1478 2573 1518 2607 et
1540 2573 1727 2617 tempore
1749 2573 1864 2608 caeli.

193 2630 235 2669 Si
262 2632 354 2677 quis
381 2632 520 2677 itaque
548 2633 658 2677 dicat
683 2634 904 2680 figurative
938 2635 996 2672 sic
1033 2636 1197 2681 species
1225 2646 1393 2682 semper
1428 2646 1676 2682 permanere
1714 2638 1752 2673 in
1789 2647 1866 2673 sua

193 2696 498 2743 significatione
532 2708 607 2744 per
639 2699 819 2745 aliquam
855 2710 943 2737 rem
980 2701 1222 2741 subiectam,
1260 2702 1412 2747 poterit
1450 2702 1726 2738 obiectionem
1763 2702 1865 2748 lubi-

193 2761 385 2808 cumque]
423 2765 640 2808 utramque
680 2764 878 2811 effugere.
931 2765 1008 2806 Qui
1048 2775 1148 2802 vero
1189 2766 1349 2803 infinita
1387 2776 1479 2803 esse
1519 2767 1731 2803 individua
1771 2768 1863 2803 liinc

137 2841 172 2866 ιο
193 2836 358 2872 quoque
386 2828 555 2869 notabit,
582 2830 692 2874 quod
719 2830 900 2867 maxime
928 2831 1146 2868 variabilia
1172 2832 1264 2869 sint.
1292 2842 1366 2877 pro
1395 2841 1444 2868 eo
1472 2832 1629 2869 scilicet
1651 2833 1758 2877 quod
1787 2832 1864 2869 ire-

192 2894 370 2937 quenter
396 2895 572 2938 pereunt
598 2895 818 2940 speciebus
845 2897 1196 2941 permanentibus.
1218 2897 1383 2942 species
1405 2907 1506 2934 vero
1530 2907 1749 2943 numquam
1773 2898 1862 2934 sine

337 3026 378 3057 15
405 3027 543 3058 tantum
564 3026 591 3058 A
694 3028 738 3060 20
766 3026 927 3068 quidem}
955 3038 1062 3069 quam
1088 3030 1115 3060 A
1222 3030 1263 3061 24
1294 3030 1476 3071 quomodo
1495 3030 1523 3062 A
1575 3031 1809 3073 significante
1834 3032 1860 3064 ,l

193 3084 236 3117 29
264 3085 359 3117 Nota
384 3086 504 3118 tamen
533 3086 616 3118 dum
637 3086 665 3119 Α
779 3087 822 3119 37
851 3087 985 3130 figurat
1010 3089 1052 3121 A.

1910 469 2040 503 iioeth.

1954 516 2017 535 *W
2038 519 2066 540 Ιυ

1918 522 2024 552 ).-..›)

1898 953 1920 984 Γ.
1949 954 1998 983 81³
