<?xml version="1.0" encoding="UTF-8"?>
<!DOCTYPE html PUBLIC "-//W3C//DTD XHTML 1.0 Transitional//EN"
    "http://www.w3.org/TR/xhtml1/DTD/xhtml1-transitional.dtd">
<html xmlns="http://www.w3.org/1999/xhtml" xml:lang="en" lang="en">
 <head>
  <title>
</title>
<meta http-equiv="Content-Type" content="text/html;charset=utf-8" />
  <meta name='ocr-system' content='tesseract 3.04.00' />
  <meta name='ocr-capabilities' content='ocr_page ocr_carea ocr_par ocr_line ocrx_word'/>
</head>
<body>
  <div class='ocr_page' id='page_1' title='image "./philosophischesc01abeluoft_0085.png"; bbox 0 0 2200 3387; ppageno 0'>
   <div class='ocr_carea' id='block_1_1' title="bbox 550 209 1900 250">
    <p class='ocr_par' dir='ltr' id='par_1_1' title="bbox 550 209 1900 250">
     <span class='ocr_line' id='line_1_1' title="bbox 550 209 1900 250; baseline -0.003 -7"><span class='ocrx_word' id='word_1_1' title='bbox 550 213 576 243; x_wconf 90' lang='grc'>1.</span> <span class='ocrx_word' id='word_1_2' title='bbox 608 212 670 243; x_wconf 82' lang='lat' dir='ltr'>l)le</span> <span class='ocrx_word' id='word_1_3' title='bbox 698 212 852 243; x_wconf 76' lang='lat' dir='ltr'>Glosscn</span> <span class='ocrx_word' id='word_1_4' title='bbox 882 220 924 242; x_wconf 89' lang='lat' dir='ltr'>zn</span> <span class='ocrx_word' id='word_1_5' title='bbox 956 210 1186 250; x_wconf 62' lang='lat' dir='ltr'>Porphyrius.</span> <span class='ocrx_word' id='word_1_6' title='bbox 1218 228 1224 229; x_wconf 34' lang='grc' dir='ltr'><em>ν</em></span> <span class='ocrx_word' id='word_1_7' title='bbox 1289 210 1339 240; x_wconf 82' lang='lat' dir='ltr'>l)e</span> <span class='ocrx_word' id='word_1_8' title='bbox 1367 210 1584 241; x_wconf 76' lang='lat' dir='ltr'>differentia.</span> <span class='ocrx_word' id='word_1_9' title='bbox 1855 209 1900 240; x_wconf 71' lang='lat' dir='ltr'>lit)</span> 
     </span>
    </p>
   </div>
   <div class='ocr_carea' id='block_1_2' title="bbox 230 306 1900 548">
    <p class='ocr_par' dir='ltr' id='par_1_2' title="bbox 230 306 1900 548">
     <span class='ocr_line' id='line_1_2' title="bbox 230 306 1899 350; baseline -0.001 -6"><span class='ocrx_word' id='word_1_10' title='bbox 230 308 491 344; x_wconf 85' lang='lat' dir='ltr'>inferioribus</span> <span class='ocrx_word' id='word_1_11' title='bbox 529 308 772 344; x_wconf 85' lang='lat' dir='ltr'>differentiis</span> <span class='ocrx_word' id='word_1_12' title='bbox 817 307 1113 343; x_wconf 69' lang='lat' dir='ltr'>subsistentem</span> <span class='ocrx_word' id='word_1_13' title='bbox 1155 306 1268 350; x_wconf 86' lang='lat' dir='ltr'>prius</span> <span class='ocrx_word' id='word_1_14' title='bbox 1305 306 1556 341; x_wconf 80' lang='lat' dir='ltr'>attendiinus</span> <span class='ocrx_word' id='word_1_15' title='bbox 1593 307 1714 350; x_wconf 82' lang='lat' dir='ltr'>eique</span> <span class='ocrx_word' id='word_1_16' title='bbox 1753 309 1899 350; x_wconf 84' lang='lat' dir='ltr'>postea</span> 
     </span>
     <span class='ocr_line' id='line_1_3' title="bbox 230 371 1900 416; baseline -0.002 -7"><span class='ocrx_word' id='word_1_17' title='bbox 230 373 487 410; x_wconf 83' lang='lat' dir='ltr'>differentias</span> <span class='ocrx_word' id='word_1_18' title='bbox 525 373 663 409; x_wconf 87' lang='lat' dir='ltr'>animo</span> <span class='ocrx_word' id='word_1_19' title='bbox 705 375 847 408; x_wconf 86' lang='lat' dir='ltr'>nostro</span> <span class='ocrx_word' id='word_1_20' title='bbox 897 371 1198 416; x_wconf 79' lang='lat' dir='ltr'>coniungimus,</span> <span class='ocrx_word' id='word_1_21' title='bbox 1249 371 1433 406; x_wconf 90' lang='lat' dir='ltr'>ordinem</span> <span class='ocrx_word' id='word_1_22' title='bbox 1474 371 1703 406; x_wconf 73' lang='lat' dir='ltr'>naturalem</span> <span class='ocrx_word' id='word_1_23' title='bbox 1751 371 1900 407; x_wconf 83' lang='lat' dir='ltr'>consti-</span> 
     </span>
     <span class='ocr_line' id='line_1_4' title="bbox 231 436 1898 483; baseline -0.002 -9"><span class='ocrx_word' id='word_1_24' title='bbox 231 439 409 474; x_wconf 84' lang='lat' dir='ltr'>tuendae</span> <span class='ocrx_word' id='word_1_25' title='bbox 437 438 592 483; x_wconf 87' lang='lat' dir='ltr'>speciei</span> <span class='ocrx_word' id='word_1_26' title='bbox 621 438 878 473; x_wconf 77' lang='lat' dir='ltr'>insinuamus</span> <span class='ocrx_word' id='word_1_27' title='bbox 907 436 1018 481; x_wconf 88' lang='lat' dir='ltr'>prius</span> <span class='ocrx_word' id='word_1_28' title='bbox 1047 436 1211 481; x_wconf 88' lang='lat' dir='ltr'>quidem</span> <span class='ocrx_word' id='word_1_29' title='bbox 1241 436 1431 471; x_wconf 84' lang='lat' dir='ltr'>animalis</span> <span class='ocrx_word' id='word_1_30' title='bbox 1469 436 1741 471; x_wconf 81' lang='lat' dir='ltr'>substantiam</span> <span class='ocrx_word' id='word_1_31' title='bbox 1781 437 1898 481; x_wconf 86' lang='lat' dir='ltr'>quasi</span> 
     </span>
     <span class='ocr_line' id='line_1_5' title="bbox 230 501 1900 548; baseline -0.002 -9"><span class='ocrx_word' id='word_1_32' title='bbox 230 504 443 539; x_wconf 79' lang='lat' dir='ltr'>materiam</span> <span class='ocrx_word' id='word_1_33' title='bbox 459 504 756 548; x_wconf 73' lang='lat' dir='ltr'>supponentes.</span> <span class='ocrx_word' id='word_1_34' title='bbox 773 502 923 537; x_wconf 88' lang='lat' dir='ltr'>deinde</span> <span class='ocrx_word' id='word_1_35' title='bbox 940 502 1111 537; x_wconf 86' lang='lat' dir='ltr'>formam</span> <span class='ocrx_word' id='word_1_36' title='bbox 1130 503 1334 545; x_wconf 80' lang='lat' dir='ltr'>aptantes.</span> <span class='ocrx_word' id='word_1_37' title='bbox 1358 501 1521 536; x_wconf 85' lang='lat' dir='ltr'>tandem</span> <span class='ocrx_word' id='word_1_38' title='bbox 1539 502 1719 545; x_wconf 81' lang='lat' dir='ltr'>speciem</span> <span class='ocrx_word' id='word_1_39' title='bbox 1736 512 1900 546; x_wconf 87' lang='lat' dir='ltr'>compo-</span> 
     </span>
    </p>
   </div>
   <div class='ocr_carea' id='block_1_3' title="bbox 193 566 1899 612">
    <p class='ocr_par' dir='ltr' id='par_1_3' title="bbox 193 566 1899 612">
     <span class='ocr_line' id='line_1_6' title="bbox 193 566 1899 612; baseline -0.001 -8"><span class='ocrx_word' id='word_1_40' title='bbox 193 577 209 600; x_wconf 66' lang='lat' dir='ltr'>s·</span> <span class='ocrx_word' id='word_1_41' title='bbox 230 571 388 605; x_wconf 77' lang='lat' dir='ltr'>nentes¹</span> <span class='ocrx_word' id='word_1_42' title='bbox 417 570 533 609; x_wconf 83' lang='lat' dir='ltr'>Quae</span> <span class='ocrx_word' id='word_1_43' title='bbox 550 577 650 612; x_wconf 68' lang='lat' dir='ltr'>ergo</span> <span class='ocrx_word' id='word_1_44' title='bbox 672 567 788 603; x_wconf 90' lang='lat' dir='ltr'>simul</span> <span class='ocrx_word' id='word_1_45' title='bbox 812 570 959 603; x_wconf 85' lang='lat' dir='ltr'>natura</span> <span class='ocrx_word' id='word_1_46' title='bbox 979 567 1355 611; x_wconf 83' lang='lat' dir='ltr'>c01np‹›suit.quasi</span> <span class='ocrx_word' id='word_1_47' title='bbox 1381 566 1498 601; x_wconf 83' lang='lat' dir='ltr'>simul</span> <span class='ocrx_word' id='word_1_48' title='bbox 1526 576 1605 601; x_wconf 80' lang='lat' dir='ltr'>non</span> <span class='ocrx_word' id='word_1_49' title='bbox 1624 570 1777 605; x_wconf 77' lang='lat' dir='ltr'>essent.</span> <span class='ocrx_word' id='word_1_50' title='bbox 1795 567 1899 602; x_wconf 87' lang='lat' dir='ltr'>ratio</span> 
     </span>
    </p>
   </div>
   <div class='ocr_carea' id='block_1_4' title="bbox 176 904 207 928">
    <p class='ocr_par' dir='ltr' id='par_1_4' title="bbox 176 904 207 928">
     <span class='ocr_line' id='line_1_7' title="bbox 176 904 207 928; baseline -0.065 0"><span class='ocrx_word' id='word_1_51' title='bbox 176 904 207 928; x_wconf 75' lang='lat'>10</span> 
     </span>
    </p>
   </div>
   <div class='ocr_carea' id='block_1_5' title="bbox 171 1558 206 1583">
    <p class='ocr_par' dir='ltr' id='par_1_5' title="bbox 171 1558 206 1583">
     <span class='ocr_line' id='line_1_8' title="bbox 171 1558 206 1583; baseline -0.029 0"><span class='ocrx_word' id='word_1_52' title='bbox 171 1558 206 1583; x_wconf 81' lang='grc'>20</span> 
     </span>
    </p>
   </div>
   <div class='ocr_carea' id='block_1_6' title="bbox 168 2209 203 2234">
    <p class='ocr_par' dir='ltr' id='par_1_6' title="bbox 168 2209 203 2234">
     <span class='ocr_line' id='line_1_9' title="bbox 168 2209 203 2234; baseline -0.029 0"><span class='ocrx_word' id='word_1_53' title='bbox 168 2209 203 2234; x_wconf 82' lang='grc' dir='ltr'>3υ</span> 
     </span>
    </p>
   </div>
   <div class='ocr_carea' id='block_1_7' title="bbox 169 2530 204 2554">
    <p class='ocr_par' dir='ltr' id='par_1_7' title="bbox 169 2530 204 2554">
     <span class='ocr_line' id='line_1_10' title="bbox 169 2530 204 2554; baseline 0.086 -3"><span class='ocrx_word' id='word_1_54' title='bbox 169 2530 204 2554; x_wconf 74' lang='grc'>35</span> 
     </span>
    </p>
   </div>
   <div class='ocr_carea' id='block_1_8' title="bbox 226 630 2080 1200">
    <p class='ocr_par' dir='ltr' id='par_1_8' title="bbox 226 630 2080 1200">
     <span class='ocr_line' id='line_1_11' title="bbox 229 630 1899 678; baseline -0.001 -10"><span class='ocrx_word' id='word_1_55' title='bbox 229 633 451 678; x_wconf 81' lang='lat' dir='ltr'>distinguit.</span> <span class='ocrx_word' id='word_1_56' title='bbox 505 632 620 668; x_wconf 84' lang='lat' dir='ltr'>Unde</span> <span class='ocrx_word' id='word_1_57' title='bbox 656 632 693 667; x_wconf 96' lang='lat' dir='ltr'>in</span> <span class='ocrx_word' id='word_1_58' title='bbox 728 631 1023 677; x_wconf 88' lang='lat' dir='ltr'>sequentibus¹</span> <span class='ocrx_word' id='word_1_59' title='bbox 1055 630 1360 676; x_wconf 68' lang='lat' dir='ltr'>Porphyrius</span> <span class='ocrx_word' id='word_1_60' title='bbox 1397 631 1601 675; x_wconf 83' lang='lat' dir='ltr'>quaedam</span> <span class='ocrx_word' id='word_1_61' title='bbox 1641 641 1692 666; x_wconf 74' lang='lat' dir='ltr'>ex</span> <span class='ocrx_word' id='word_1_62' title='bbox 1727 632 1899 667; x_wconf 83' lang='lat' dir='ltr'>materia</span> 
     </span>
     <span class='ocr_line' id='line_1_12' title="bbox 229 696 1898 742; baseline -0.002 -8"><span class='ocrx_word' id='word_1_63' title='bbox 229 701 268 734; x_wconf 89' lang='lat' dir='ltr'>et</span> <span class='ocrx_word' id='word_1_64' title='bbox 295 699 437 736; x_wconf 83' lang='lat' dir='ltr'>forma.</span> <span class='ocrx_word' id='word_1_65' title='bbox 466 698 670 742; x_wconf 80' lang='lat' dir='ltr'>quaedam</span> <span class='ocrx_word' id='word_1_66' title='bbox 693 697 745 733; x_wconf 86' lang='lat' dir='ltr'>ad</span> <span class='ocrx_word' id='word_1_67' title='bbox 773 696 1081 732; x_wconf 88' lang='lat' dir='ltr'>similitudinem</span> <span class='ocrx_word' id='word_1_68' title='bbox 1112 696 1311 731; x_wconf 86' lang='lat' dir='ltr'>materiae</span> <span class='ocrx_word' id='word_1_69' title='bbox 1334 698 1374 731; x_wconf 87' lang='lat' dir='ltr'>et</span> <span class='ocrx_word' id='word_1_70' title='bbox 1396 696 1553 731; x_wconf 87' lang='lat' dir='ltr'>formae</span> <span class='ocrx_word' id='word_1_71' title='bbox 1576 696 1768 731; x_wconf 84' lang='lat' dir='ltr'>constitui</span> <span class='ocrx_word' id='word_1_72' title='bbox 1792 696 1898 732; x_wconf 87' lang='lat' dir='ltr'>dicit.</span> 
     </span>
     <span class='ocr_line' id='line_1_13' title="bbox 372 761 1899 806; baseline -0.001 -8"><span class='ocrx_word' id='word_1_73' title='bbox 372 762 476 798; x_wconf 73' lang='lat' dir='ltr'>Illae</span> <span class='ocrx_word' id='word_1_74' title='bbox 522 773 627 798; x_wconf 70' lang='lat' dir='ltr'>ewra.</span> <span class='ocrx_word' id='word_1_75' title='bbox 681 762 777 798; x_wconf 85' lang='lat' dir='ltr'>Post</span> <span class='ocrx_word' id='word_1_76' title='bbox 817 762 1011 806; x_wconf 84' lang='lat' dir='ltr'>exempla</span> <span class='ocrx_word' id='word_1_77' title='bbox 1050 761 1390 799; x_wconf 79' lang='lat' dir='ltr'>differentiarum.</span> <span class='ocrx_word' id='word_1_78' title='bbox 1432 771 1538 805; x_wconf 87' lang='lat' dir='ltr'>quae</span> <span class='ocrx_word' id='word_1_79' title='bbox 1578 761 1686 796; x_wconf 85' lang='lat' dir='ltr'>aliud</span> <span class='ocrx_word' id='word_1_80' title='bbox 1734 761 1899 801; x_wconf 90' lang='lat' dir='ltr'>faciunt,</span> 
     </span>
     <span class='ocr_line' id='line_1_14' title="bbox 228 826 1897 873; baseline -0.002 -9"><span class='ocrx_word' id='word_1_81' title='bbox 228 827 509 873; x_wconf 76' lang='lat' dir='ltr'>exemplificat</span> <span class='ocrx_word' id='word_1_82' title='bbox 549 828 600 863; x_wconf 89' lang='lat' dir='ltr'>de</span> <span class='ocrx_word' id='word_1_83' title='bbox 644 827 890 863; x_wconf 89' lang='lat' dir='ltr'>facientibus</span> <span class='ocrx_word' id='word_1_84' title='bbox 925 827 1143 862; x_wconf 88' lang='lat' dir='ltr'>alteratum</span> <span class='ocrx_word' id='word_1_85' title='bbox 1185 827 1330 863; x_wconf 75' lang='lat' dir='ltr'>solum,</span> <span class='ocrx_word' id='word_1_86' title='bbox 1381 827 1457 861; x_wconf 84' lang='lat' dir='ltr'>hoc</span> <span class='ocrx_word' id='word_1_87' title='bbox 1495 828 1557 862; x_wconf 83' lang='lat' dir='ltr'>est</span> <span class='ocrx_word' id='word_1_88' title='bbox 1594 826 1649 861; x_wconf 89' lang='lat' dir='ltr'>ita</span> <span class='ocrx_word' id='word_1_89' title='bbox 1690 826 1897 862; x_wconf 84' lang='lat' dir='ltr'>diversum</span> 
     </span>
     <span class='ocr_line' id='line_1_15' title="bbox 228 891 1900 939; baseline -0.002 -10"><span class='ocrx_word' id='word_1_90' title='bbox 228 893 336 939; x_wconf 88' lang='lat' dir='ltr'>quod</span> <span class='ocrx_word' id='word_1_91' title='bbox 365 903 446 929; x_wconf 90' lang='lat' dir='ltr'>non</span> <span class='ocrx_word' id='word_1_92' title='bbox 475 893 600 929; x_wconf 90' lang='lat' dir='ltr'>etiam</span> <span class='ocrx_word' id='word_1_93' title='bbox 627 892 736 928; x_wconf 87' lang='lat' dir='ltr'>aliud</span> <span class='ocrx_word' id='word_1_94' title='bbox 765 892 871 928; x_wconf 89' lang='lat' dir='ltr'>sicut</span> <span class='ocrx_word' id='word_1_95' title='bbox 899 892 1137 927; x_wconf 70' lang='lat' dir='ltr'>differentia</span> <span class='ocrx_word' id='word_1_96' title='bbox 1170 892 1380 932; x_wconf 71' lang='lat' dir='ltr'>movendi,</span> <span class='ocrx_word' id='word_1_97' title='bbox 1408 891 1445 927; x_wconf 91' lang='lat' dir='ltr'>id</span> <span class='ocrx_word' id='word_1_98' title='bbox 1475 894 1538 927; x_wconf 88' lang='lat' dir='ltr'>est</span> <span class='ocrx_word' id='word_1_99' title='bbox 1559 894 1706 927; x_wconf 86' lang='lat' dir='ltr'>motus.</span> <span class='ocrx_word' id='word_1_100' title='bbox 1760 893 1900 934; x_wconf 68' lang='lat' dir='ltr'>Quare</span> 
     </span>
     <span class='ocr_line' id='line_1_16' title="bbox 227 957 1899 1004; baseline -0.001 -10"><span class='ocrx_word' id='word_1_101' title='bbox 227 960 328 994; x_wconf 73' lang='lat' dir='ltr'>leave</span> <span class='ocrx_word' id='word_1_102' title='bbox 355 959 539 1004; x_wconf 72' lang='lat' dir='ltr'>quidem.</span> <span class='ocrx_word' id='word_1_103' title='bbox 592 958 936 1003; x_wconf 86' lang='lat' dir='ltr'>Quandoquidem</span> <span class='ocrx_word' id='word_1_104' title='bbox 967 957 1168 993; x_wconf 80' lang='lat' dir='ltr'>rationale</span> <span class='ocrx_word' id='word_1_105' title='bbox 1197 957 1294 993; x_wconf 90' lang='lat' dir='ltr'>facit</span> <span class='ocrx_word' id='word_1_106' title='bbox 1327 957 1448 994; x_wconf 81' lang='lat' dir='ltr'>aliud.</span> <span class='ocrx_word' id='word_1_107' title='bbox 1477 957 1633 992; x_wconf 84' lang='lat' dir='ltr'>moveri</span> <span class='ocrx_word' id='word_1_108' title='bbox 1669 967 1768 993; x_wconf 83' lang='lat' dir='ltr'>vero</span> <span class='ocrx_word' id='word_1_109' title='bbox 1802 957 1899 993; x_wconf 85' lang='lat' dir='ltr'>alte·</span> 
     </span>
     <span class='ocr_line' id='line_1_17' title="bbox 227 1022 2034 1091; baseline -0.002 -31"><span class='ocrx_word' id='word_1_110' title='bbox 227 1026 358 1060; x_wconf 87' lang='lat' dir='ltr'>ratum</span> <span class='ocrx_word' id='word_1_111' title='bbox 376 1024 520 1060; x_wconf 87' lang='lat' dir='ltr'>solum.</span> <span class='ocrx_word' id='word_1_112' title='bbox 550 1023 655 1069; x_wconf 81' lang='lat' dir='ltr'>Ergo</span> <span class='ocrx_word' id='word_1_113' title='bbox 673 1023 908 1060; x_wconf 77' lang='lat' dir='ltr'>differentia</span> <span class='ocrx_word' id='word_1_114' title='bbox 924 1023 1004 1058; x_wconf 85' lang='lat' dir='ltr'>alia</span> <span class='ocrx_word' id='word_1_115' title='bbox 1018 1023 1116 1058; x_wconf 87' lang='lat' dir='ltr'>facit</span> <span class='ocrx_word' id='word_1_116' title='bbox 1132 1023 1253 1062; x_wconf 78' lang='lat' dir='ltr'>aliud,</span> <span class='ocrx_word' id='word_1_117' title='bbox 1276 1022 1358 1058; x_wconf 90' lang='lat' dir='ltr'>alia</span> <span class='ocrx_word' id='word_1_118' title='bbox 1373 1022 1603 1058; x_wconf 85' lang='lat' dir='ltr'>alteratum.</span> <span class='ocrx_word' id='word_1_119' title='bbox 1624 1022 1682 1058; x_wconf 88' lang='lat' dir='ltr'>De</span> <span class='ocrx_word' id='word_1_120' title='bbox 1700 1022 1896 1067; x_wconf 88' lang='lat' dir='ltr'>partibus.</span> <span class='ocrx_word' id='word_1_121' title='bbox 1928 1057 1968 1091; x_wconf 29' lang='grc' dir='ltr'>ηε</span> <span class='ocrx_word' id='word_1_122' title='bbox 1995 1058 2034 1091; x_wconf 42' lang='grc' dir='ltr'>,Η</span> 
     </span>
     <span class='ocr_line' id='line_1_18' title="bbox 369 1069 2080 1149; baseline -0.001 -24"><span class='ocrx_word' id='word_1_123' title='bbox 369 1090 606 1125; x_wconf 73' lang='lat' dir='ltr'>Secundum</span> <span class='ocrx_word' id='word_1_124' title='bbox 652 1089 793 1132; x_wconf 58' lang='lat' dir='ltr'>initur.</span> <span class='ocrx_word' id='word_1_125' title='bbox 853 1088 1198 1133; x_wconf 85' lang='lat' dir='ltr'>Quandoquidem</span> <span class='ocrx_word' id='word_1_126' title='bbox 1245 1087 1508 1124; x_wconf 76' lang='lat' dir='ltr'>differentiae</span> <span class='ocrx_word' id='word_1_127' title='bbox 1548 1087 1750 1123; x_wconf 85' lang='lat' dir='ltr'>facientes</span> <span class='ocrx_word' id='word_1_128' title='bbox 1788 1088 1896 1123; x_wconf 91' lang='lat' dir='ltr'>aliud</span> <span class='ocrx_word' id='word_1_129' title='bbox 1926 1069 2080 1149; x_wconf 44' lang='lat'>1·.=.}4(5&#39;⁸¹⁵¹</span> 
     </span>
     <span class='ocr_line' id='line_1_19' title="bbox 226 1153 1898 1200; baseline -0.002 -9"><span class='ocrx_word' id='word_1_130' title='bbox 226 1156 322 1191; x_wconf 92' lang='lat' dir='ltr'>sunt</span> <span class='ocrx_word' id='word_1_131' title='bbox 356 1154 592 1200; x_wconf 78' lang='lat' dir='ltr'>specificae,</span> <span class='ocrx_word' id='word_1_132' title='bbox 629 1154 752 1200; x_wconf 88' lang='lat' dir='ltr'>igitur</span> <span class='ocrx_word' id='word_1_133' title='bbox 787 1154 1014 1190; x_wconf 88' lang='lat' dir='ltr'>secundum</span> <span class='ocrx_word' id='word_1_134' title='bbox 1044 1163 1118 1189; x_wconf 88' lang='lat' dir='ltr'>eas</span> <span class='ocrx_word' id='word_1_135' title='bbox 1146 1153 1373 1189; x_wconf 86' lang='lat' dir='ltr'>divisiones</span> <span class='ocrx_word' id='word_1_136' title='bbox 1406 1153 1510 1189; x_wconf 83' lang='lat' dir='ltr'>flunt</span> <span class='ocrx_word' id='word_1_137' title='bbox 1547 1163 1571 1188; x_wconf 92' lang='lat' dir='ltr'>a</span> <span class='ocrx_word' id='word_1_138' title='bbox 1604 1153 1826 1197; x_wconf 73' lang='lat' dir='ltr'>generibus</span> <span class='ocrx_word' id='word_1_139' title='bbox 1859 1153 1898 1188; x_wconf 93' lang='lat' dir='ltr'>in</span> 
     </span>
    </p>
   </div>
   <div class='ocr_carea' id='block_1_9' title="bbox 190 1218 1899 1265">
    <p class='ocr_par' dir='ltr' id='par_1_9' title="bbox 190 1218 1899 1265">
     <span class='ocr_line' id='line_1_20' title="bbox 190 1218 1899 1265; baseline -0.001 -11"><span class='ocrx_word' id='word_1_140' title='bbox 190 1233 206 1254; x_wconf 55' lang='grc' dir='ltr'>ς»</span> <span class='ocrx_word' id='word_1_141' title='bbox 225 1220 400 1265; x_wconf 84' lang='lat' dir='ltr'>species.</span> <span class='ocrx_word' id='word_1_142' title='bbox 439 1220 476 1256; x_wconf 92' lang='lat' dir='ltr'>id</span> <span class='ocrx_word' id='word_1_143' title='bbox 505 1222 569 1256; x_wconf 89' lang='lat' dir='ltr'>est</span> <span class='ocrx_word' id='word_1_144' title='bbox 603 1220 830 1255; x_wconf 89' lang='lat' dir='ltr'>secundum</span> <span class='ocrx_word' id='word_1_145' title='bbox 860 1219 1063 1255; x_wconf 79' lang='lat' dir='ltr'>vocabula</span> <span class='ocrx_word' id='word_1_146' title='bbox 1090 1220 1260 1264; x_wconf 88' lang='lat' dir='ltr'>propter</span> <span class='ocrx_word' id='word_1_147' title='bbox 1287 1228 1360 1254; x_wconf 86' lang='lat' dir='ltr'>eas</span> <span class='ocrx_word' id='word_1_148' title='bbox 1390 1218 1593 1263; x_wconf 84' lang='lat' dir='ltr'>imposita.</span> <span class='ocrx_word' id='word_1_149' title='bbox 1622 1228 1729 1263; x_wconf 88' lang='lat' dir='ltr'>quae</span> <span class='ocrx_word' id='word_1_150' title='bbox 1767 1218 1806 1254; x_wconf 93' lang='lat' dir='ltr'>in</span> <span class='ocrx_word' id='word_1_151' title='bbox 1845 1218 1899 1254; x_wconf 89' lang='lat' dir='ltr'>di-</span> 
     </span>
    </p>
   </div>
   <div class='ocr_carea' id='block_1_10' title="bbox 225 1283 2052 1850">
    <p class='ocr_par' dir='ltr' id='par_1_10' title="bbox 225 1283 2052 1850">
     <span class='ocr_line' id='line_1_21' title="bbox 227 1283 1898 1330; baseline -0.001 -10"><span class='ocrx_word' id='word_1_152' title='bbox 227 1285 388 1322; x_wconf 85' lang='lat' dir='ltr'>visione</span> <span class='ocrx_word' id='word_1_153' title='bbox 416 1295 490 1330; x_wconf 90' lang='lat' dir='ltr'>pro</span> <span class='ocrx_word' id='word_1_154' title='bbox 519 1285 741 1330; x_wconf 86' lang='lat' dir='ltr'>speciebus</span> <span class='ocrx_word' id='word_1_155' title='bbox 770 1284 962 1329; x_wconf 84' lang='lat' dir='ltr'>ponimus</span> <span class='ocrx_word' id='word_1_156' title='bbox 984 1284 1205 1320; x_wconf 86' lang='lat' dir='ltr'>coniuncta</span> <span class='ocrx_word' id='word_1_157' title='bbox 1226 1283 1410 1329; x_wconf 87' lang='lat' dir='ltr'>generali</span> <span class='ocrx_word' id='word_1_158' title='bbox 1434 1284 1637 1319; x_wconf 86' lang='lat' dir='ltr'>vocabulo</span> <span class='ocrx_word' id='word_1_159' title='bbox 1659 1284 1737 1319; x_wconf 84' lang='lat' dir='ltr'>boc</span> <span class='ocrx_word' id='word_1_160' title='bbox 1758 1283 1898 1319; x_wconf 84' lang='lat' dir='ltr'>modo:</span> 
     </span>
     <span class='ocr_line' id='line_1_22' title="bbox 226 1349 2052 1393; baseline -0.002 -7"><span class='ocrx_word' id='word_1_161' title='bbox 226 1351 377 1387; x_wconf 86' lang='lat' dir='ltr'>animal</span> <span class='ocrx_word' id='word_1_162' title='bbox 398 1350 506 1386; x_wconf 89' lang='lat' dir='ltr'>aliud</span> <span class='ocrx_word' id='word_1_163' title='bbox 535 1352 599 1387; x_wconf 90' lang='lat' dir='ltr'>est</span> <span class='ocrx_word' id='word_1_164' title='bbox 626 1350 779 1386; x_wconf 85' lang='lat' dir='ltr'>animal</span> <span class='ocrx_word' id='word_1_165' title='bbox 808 1350 1022 1387; x_wconf 81' lang='lat' dir='ltr'>rationale,</span> <span class='ocrx_word' id='word_1_166' title='bbox 1050 1349 1161 1385; x_wconf 89' lang='lat' dir='ltr'>aliud</span> <span class='ocrx_word' id='word_1_167' title='bbox 1183 1352 1247 1385; x_wconf 91' lang='lat' dir='ltr'>est</span> <span class='ocrx_word' id='word_1_168' title='bbox 1273 1349 1426 1385; x_wconf 88' lang='lat' dir='ltr'>animal</span> <span class='ocrx_word' id='word_1_169' title='bbox 1455 1349 1706 1385; x_wconf 86' lang='lat' dir='ltr'>irrationale.</span> <span class='ocrx_word' id='word_1_170' title='bbox 1730 1349 1733 1393; x_wconf 92' lang='grc' dir='ltr'>Ι</span> <span class='ocrx_word' id='word_1_171' title='bbox 1760 1349 1806 1385; x_wconf 76' lang='lat' dir='ltr'>Et</span> <span class='ocrx_word' id='word_1_172' title='bbox 1834 1349 1899 1384; x_wconf 76' lang='lat' dir='ltr'>‹le-</span> <span class='ocrx_word' id='word_1_173' title='bbox 1928 1353 1950 1384; x_wconf 85' lang='lat' dir='ltr'>r.</span> <span class='ocrx_word' id='word_1_174' title='bbox 1981 1353 2052 1384; x_wconf 70' lang='lat' dir='ltr'>mv</span> 
     </span>
     <span class='ocr_line' id='line_1_23' title="bbox 225 1414 1900 1460; baseline -0.001 -9"><span class='ocrx_word' id='word_1_175' title='bbox 225 1416 442 1453; x_wconf 69' lang='lat' dir='ltr'>finitiones</span> <span class='ocrx_word' id='word_1_176' title='bbox 469 1416 762 1460; x_wconf 50' lang='lat' dir='ltr'>‹issiyuanlmu</span> <span class='ocrx_word' id='word_1_177' title='bbox 799 1415 837 1451; x_wconf 89' lang='lat' dir='ltr'>id</span> <span class='ocrx_word' id='word_1_178' title='bbox 873 1417 937 1451; x_wconf 89' lang='lat' dir='ltr'>est</span> <span class='ocrx_word' id='word_1_179' title='bbox 964 1416 1278 1460; x_wconf 85' lang='lat' dir='ltr'>componuntur.</span> <span class='ocrx_word' id='word_1_180' title='bbox 1315 1415 1541 1450; x_wconf 89' lang='lat' dir='ltr'>secundum</span> <span class='ocrx_word' id='word_1_181' title='bbox 1580 1414 1749 1450; x_wconf 87' lang='lat' dir='ltr'>easdem</span> <span class='ocrx_word' id='word_1_182' title='bbox 1787 1415 1900 1451; x_wconf 83' lang='lat' dir='ltr'>diffe-</span> 
     </span>
     <span class='ocr_line' id='line_1_24' title="bbox 226 1480 1899 1526; baseline -0.001 -9"><span class='ocrx_word' id='word_1_183' title='bbox 226 1481 394 1519; x_wconf 88' lang='lat' dir='ltr'>rentias.</span> <span class='ocrx_word' id='word_1_184' title='bbox 424 1491 542 1526; x_wconf 88' lang='lat' dir='ltr'>quae.</span> <span class='ocrx_word' id='word_1_185' title='bbox 571 1481 728 1517; x_wconf 89' lang='lat' dir='ltr'>scilicet</span> <span class='ocrx_word' id='word_1_186' title='bbox 755 1480 1032 1519; x_wconf 73' lang='lat' dir='ltr'>definitiones,</span> <span class='ocrx_word' id='word_1_187' title='bbox 1065 1482 1163 1515; x_wconf 76' lang='lat' dir='ltr'>sunt</span> <span class='ocrx_word' id='word_1_188' title='bbox 1191 1490 1238 1515; x_wconf 64' lang='lat' dir='ltr'>es</span> <span class='ocrx_word' id='word_1_189' title='bbox 1262 1490 1413 1523; x_wconf 71' lang='lat' dir='ltr'>{seuere</span> <span class='ocrx_word' id='word_1_190' title='bbox 1440 1482 1475 1515; x_wconf 79' lang='lat' dir='ltr'>e!</span> <span class='ocrx_word' id='word_1_191' title='bbox 1504 1480 1756 1515; x_wconf 60' lang='lat' dir='ltr'>lenia.s·1›eo‹li</span> <span class='ocrx_word' id='word_1_192' title='bbox 1784 1480 1899 1515; x_wconf 78' lang='lat' dir='ltr'>‹liffe-</span> 
     </span>
     <span class='ocr_line' id='line_1_25' title="bbox 229 1545 1897 1591; baseline -0.001 -9"><span class='ocrx_word' id='word_1_193' title='bbox 229 1547 376 1582; x_wconf 62' lang='lat' dir='ltr'>renliis·</span> <span class='ocrx_word' id='word_1_194' title='bbox 403 1546 623 1591; x_wconf 81' lang='lat' dir='ltr'>specificis.</span> <span class='ocrx_word' id='word_1_195' title='bbox 660 1546 738 1582; x_wconf 89' lang='lat' dir='ltr'>hoc</span> <span class='ocrx_word' id='word_1_196' title='bbox 766 1547 831 1582; x_wconf 90' lang='lat' dir='ltr'>est</span> <span class='ocrx_word' id='word_1_197' title='bbox 864 1545 1163 1581; x_wconf 82' lang='lat' dir='ltr'>substantiales</span> <span class='ocrx_word' id='word_1_198' title='bbox 1192 1545 1457 1581; x_wconf 85' lang='lat' dir='ltr'>definitiones</span> <span class='ocrx_word' id='word_1_199' title='bbox 1492 1545 1725 1590; x_wconf 85' lang='lat' dir='ltr'>specierum</span> <span class='ocrx_word' id='word_1_200' title='bbox 1754 1555 1807 1581; x_wconf 79' lang='lat' dir='ltr'>ex</span> <span class='ocrx_word' id='word_1_201' title='bbox 1835 1545 1897 1581; x_wconf 87' lang='lat' dir='ltr'>his</span> 
     </span>
     <span class='ocr_line' id='line_1_26' title="bbox 226 1611 1897 1656; baseline -0.001 -8"><span class='ocrx_word' id='word_1_202' title='bbox 226 1611 471 1648; x_wconf 88' lang='lat' dir='ltr'>differentiis</span> <span class='ocrx_word' id='word_1_203' title='bbox 500 1611 770 1656; x_wconf 87' lang='lat' dir='ltr'>compositae.</span> <span class='ocrx_word' id='word_1_204' title='bbox 822 1611 954 1647; x_wconf 90' lang='lat' dir='ltr'>Locus</span> <span class='ocrx_word' id='word_1_205' title='bbox 983 1620 1007 1647; x_wconf 86' lang='lat' dir='ltr'>a</span> <span class='ocrx_word' id='word_1_206' title='bbox 1035 1620 1174 1651; x_wconf 83' lang='lat' dir='ltr'>causa,</span> <span class='ocrx_word' id='word_1_207' title='bbox 1203 1611 1301 1655; x_wconf 90' lang='lat' dir='ltr'>quia</span> <span class='ocrx_word' id='word_1_208' title='bbox 1326 1612 1497 1656; x_wconf 90' lang='lat' dir='ltr'>propter</span> <span class='ocrx_word' id='word_1_209' title='bbox 1533 1613 1722 1646; x_wconf 89' lang='lat' dir='ltr'>naturam</span> <span class='ocrx_word' id='word_1_210' title='bbox 1759 1620 1897 1647; x_wconf 91' lang='lat' dir='ltr'>rerum</span> 
     </span>
     <span class='ocr_line' id='line_1_27' title="bbox 226 1675 1898 1716; baseline -0.001 -4"><span class='ocrx_word' id='word_1_211' title='bbox 226 1676 431 1712; x_wconf 88' lang='lat' dir='ltr'>vocabula</span> <span class='ocrx_word' id='word_1_212' title='bbox 465 1676 516 1712; x_wconf 90' lang='lat' dir='ltr'>ad</span> <span class='ocrx_word' id='word_1_213' title='bbox 551 1676 816 1712; x_wconf 85' lang='lat' dir='ltr'>dividendum</span> <span class='ocrx_word' id='word_1_214' title='bbox 845 1676 910 1711; x_wconf 87' lang='lat' dir='ltr'>vel</span> <span class='ocrx_word' id='word_1_215' title='bbox 945 1676 996 1711; x_wconf 88' lang='lat' dir='ltr'>ad</span> <span class='ocrx_word' id='word_1_216' title='bbox 1032 1675 1312 1711; x_wconf 88' lang='lat' dir='ltr'>definiendum</span> <span class='ocrx_word' id='word_1_217' title='bbox 1341 1675 1550 1712; x_wconf 89' lang='lat' dir='ltr'>sumimus.</span> <span class='ocrx_word' id='word_1_218' title='bbox 1602 1675 1649 1711; x_wconf 92' lang='lat' dir='ltr'>Et</span> <span class='ocrx_word' id='word_1_219' title='bbox 1677 1676 1898 1716; x_wconf 80' lang='lat' dir='ltr'>attende.</span> 
     </span>
     <span class='ocr_line' id='line_1_28' title="bbox 225 1740 1898 1786; baseline -0.001 -9"><span class='ocrx_word' id='word_1_220' title='bbox 225 1742 334 1786; x_wconf 87' lang='lat' dir='ltr'>quod</span> <span class='ocrx_word' id='word_1_221' title='bbox 358 1741 435 1777; x_wconf 91' lang='lat' dir='ltr'>hoc</span> <span class='ocrx_word' id='word_1_222' title='bbox 463 1742 567 1779; x_wconf 82' lang='lat' dir='ltr'>loco.</span> <span class='ocrx_word' id='word_1_223' title='bbox 596 1742 662 1777; x_wconf 90' lang='lat' dir='ltr'>ubi</span> <span class='ocrx_word' id='word_1_224' title='bbox 691 1741 949 1777; x_wconf 86' lang='lat' dir='ltr'>differentias</span> <span class='ocrx_word' id='word_1_225' title='bbox 984 1741 1036 1777; x_wconf 91' lang='lat' dir='ltr'>ad</span> <span class='ocrx_word' id='word_1_226' title='bbox 1071 1740 1337 1776; x_wconf 86' lang='lat' dir='ltr'>dividendum</span> <span class='ocrx_word' id='word_1_227' title='bbox 1368 1742 1409 1776; x_wconf 89' lang='lat' dir='ltr'>ct</span> <span class='ocrx_word' id='word_1_228' title='bbox 1441 1741 1493 1777; x_wconf 88' lang='lat' dir='ltr'>ad</span> <span class='ocrx_word' id='word_1_229' title='bbox 1521 1741 1801 1777; x_wconf 89' lang='lat' dir='ltr'>definiendum</span> <span class='ocrx_word' id='word_1_230' title='bbox 1837 1751 1898 1777; x_wconf 89' lang='lat' dir='ltr'>as-</span> 
     </span>
     <span class='ocr_line' id='line_1_29' title="bbox 226 1804 1898 1850; baseline 0 -9"><span class='ocrx_word' id='word_1_231' title='bbox 226 1805 330 1841; x_wconf 91' lang='lat' dir='ltr'>sumi</span> <span class='ocrx_word' id='word_1_232' title='bbox 353 1805 459 1846; x_wconf 85' lang='lat' dir='ltr'>dicit,</span> <span class='ocrx_word' id='word_1_233' title='bbox 487 1805 702 1841; x_wconf 85' lang='lat' dir='ltr'>utilitatem</span> <span class='ocrx_word' id='word_1_234' title='bbox 726 1805 846 1841; x_wconf 89' lang='lat' dir='ltr'>huius</span> <span class='ocrx_word' id='word_1_235' title='bbox 874 1805 965 1841; x_wconf 89' lang='lat' dir='ltr'>libri</span> <span class='ocrx_word' id='word_1_236' title='bbox 985 1804 1177 1850; x_wconf 89' lang='lat' dir='ltr'>superius</span> <span class='ocrx_word' id='word_1_237' title='bbox 1192 1808 1206 1829; x_wconf 84' lang='lat'>·-¹</span> <span class='ocrx_word' id='word_1_238' title='bbox 1227 1805 1483 1849; x_wconf 86' lang='lat' dir='ltr'>propositam</span> <span class='ocrx_word' id='word_1_239' title='bbox 1506 1804 1626 1840; x_wconf 90' lang='lat' dir='ltr'>nobis</span> <span class='ocrx_word' id='word_1_240' title='bbox 1648 1805 1792 1850; x_wconf 84' lang='lat' dir='ltr'>aperit.</span> <span class='ocrx_word' id='word_1_241' title='bbox 1832 1805 1898 1841; x_wconf 77' lang='lat' dir='ltr'>Ait</span> 
     </span>
    </p>
   </div>
   <div class='ocr_carea' id='block_1_11' title="bbox 171 1868 1897 1914">
    <p class='ocr_par' dir='ltr' id='par_1_11' title="bbox 171 1868 1897 1914">
     <span class='ocr_line' id='line_1_30' title="bbox 171 1868 1897 1914; baseline -0.001 -9"><span class='ocrx_word' id='word_1_242' title='bbox 171 1884 186 1896; x_wconf 58' lang='grc' dir='ltr'>ιν</span> <span class='ocrx_word' id='word_1_243' title='bbox 227 1878 405 1914; x_wconf 88' lang='lat' dir='ltr'>namque</span> <span class='ocrx_word' id='word_1_244' title='bbox 433 1869 501 1904; x_wconf 87' lang='lat' dir='ltr'>illa</span> <span class='ocrx_word' id='word_1_245' title='bbox 529 1869 709 1914; x_wconf 87' lang='lat' dir='ltr'>quinque</span> <span class='ocrx_word' id='word_1_246' title='bbox 732 1869 784 1905; x_wconf 92' lang='lat' dir='ltr'>de</span> <span class='ocrx_word' id='word_1_247' title='bbox 813 1868 960 1913; x_wconf 91' lang='lat' dir='ltr'>quibus</span> <span class='ocrx_word' id='word_1_248' title='bbox 988 1868 1174 1905; x_wconf 78' lang='lat' dir='ltr'>intendit.</span> <span class='ocrx_word' id='word_1_249' title='bbox 1203 1868 1266 1904; x_wconf 64' lang='lat' dir='ltr'>ad‘</span> <span class='ocrx_word' id='word_1_250' title='bbox 1282 1868 1510 1904; x_wconf 90' lang='lat' dir='ltr'>divisiones</span> <span class='ocrx_word' id='word_1_251' title='bbox 1539 1878 1703 1913; x_wconf 92' lang='lat' dir='ltr'>quoque</span> <span class='ocrx_word' id='word_1_252' title='bbox 1732 1871 1773 1905; x_wconf 90' lang='lat' dir='ltr'>et</span> <span class='ocrx_word' id='word_1_253' title='bbox 1800 1869 1897 1905; x_wconf 87' lang='lat' dir='ltr'>defi-</span> 
     </span>
    </p>
   </div>
   <div class='ocr_carea' id='block_1_12' title="bbox 223 1933 2078 2956">
    <p class='ocr_par' dir='ltr' id='par_1_12' title="bbox 223 1933 2078 2956">
     <span class='ocr_line' id='line_1_31' title="bbox 224 1933 1896 1973; baseline -0.001 -4"><span class='ocrx_word' id='word_1_254' title='bbox 224 1933 403 1970; x_wconf 88' lang='lat' dir='ltr'>nitiones</span> <span class='ocrx_word' id='word_1_255' title='bbox 432 1942 526 1969; x_wconf 89' lang='lat' dir='ltr'>esse</span> <span class='ocrx_word' id='word_1_256' title='bbox 561 1933 815 1969; x_wconf 89' lang='lat' dir='ltr'>necessaria.</span> <span class='ocrx_word' id='word_1_257' title='bbox 867 1933 1076 1969; x_wconf 59' lang='lat' dir='ltr'>,illm-atio</span> <span class='ocrx_word' id='word_1_258' title='bbox 1111 1933 1217 1973; x_wconf 79' lang='lat' dir='ltr'>sola,</span> <span class='ocrx_word' id='word_1_259' title='bbox 1253 1933 1332 1968; x_wconf 91' lang='lat' dir='ltr'>hoc</span> <span class='ocrx_word' id='word_1_260' title='bbox 1369 1934 1433 1969; x_wconf 91' lang='lat' dir='ltr'>est</span> <span class='ocrx_word' id='word_1_261' title='bbox 1469 1942 1551 1969; x_wconf 92' lang='lat' dir='ltr'>non</span> <span class='ocrx_word' id='word_1_262' title='bbox 1589 1933 1713 1969; x_wconf 88' lang='lat' dir='ltr'>etiam</span> <span class='ocrx_word' id='word_1_263' title='bbox 1751 1933 1896 1969; x_wconf 82' lang='lat' dir='ltr'>divisio</span> 
     </span>
     <span class='ocr_line' id='line_1_32' title="bbox 223 1998 2047 2065; baseline -0.001 -30"><span class='ocrx_word' id='word_1_264' title='bbox 223 1999 391 2045; x_wconf 90' lang='lat' dir='ltr'>generis</span> <span class='ocrx_word' id='word_1_265' title='bbox 419 1999 463 2034; x_wconf 92' lang='lat' dir='ltr'>fit</span> <span class='ocrx_word' id='word_1_266' title='bbox 491 1999 557 2035; x_wconf 91' lang='lat' dir='ltr'>vel</span> <span class='ocrx_word' id='word_1_267' title='bbox 583 1999 867 2035; x_wconf 90' lang='lat' dir='ltr'>substantialis</span> <span class='ocrx_word' id='word_1_268' title='bbox 895 1998 1080 2034; x_wconf 84' lang='lat' dir='ltr'>definitio</span> <span class='ocrx_word' id='word_1_269' title='bbox 1109 1998 1278 2043; x_wconf 88' lang='lat' dir='ltr'>speciei.</span> <span class='ocrx_word' id='word_1_270' title='bbox 1928 2030 2047 2065; x_wconf 49' lang='lat' dir='ltr'>Boon.</span> 
     </span>
     <span class='ocr_line' id='line_1_33' title="bbox 367 2057 2078 2121; baseline 0.001 -22"><span class='ocrx_word' id='word_1_271' title='bbox 367 2064 398 2099; x_wconf 86' lang='lat'>.-1</span> <span class='ocrx_word' id='word_1_272' title='bbox 434 2063 733 2108; x_wconf 74' lang='lat' dir='ltr'>superioribus</span> <span class='ocrx_word' id='word_1_273' title='bbox 771 2063 913 2107; x_wconf 73' lang='lat' dir='ltr'>iyitur.</span> <span class='ocrx_word' id='word_1_274' title='bbox 975 2062 1174 2108; x_wconf 90' lang='lat' dir='ltr'>Superius</span> <span class='ocrx_word' id='word_1_275' title='bbox 1214 2062 1473 2099; x_wconf 85' lang='lat' dir='ltr'>differentias</span> <span class='ocrx_word' id='word_1_276' title='bbox 1510 2062 1724 2108; x_wconf 89' lang='lat' dir='ltr'>tripliciter</span> <span class='ocrx_word' id='word_1_277' title='bbox 1759 2063 1898 2099; x_wconf 80' lang='lat' dir='ltr'>divisit</span> <span class='ocrx_word' id='word_1_278' title='bbox 1925 2057 2078 2121; x_wconf 42' lang='lat' dir='ltr'>&#39;tx-‘4831</span> 
     </span>
     <span class='ocr_line' id='line_1_34' title="bbox 224 2128 1895 2175; baseline -0.001 -10"><span class='ocrx_word' id='word_1_279' title='bbox 224 2129 368 2165; x_wconf 87' lang='lat' dir='ltr'>dicens</span> <span class='ocrx_word' id='word_1_280' title='bbox 395 2129 499 2165; x_wconf 86' lang='lat' dir='ltr'>alias</span> <span class='ocrx_word' id='word_1_281' title='bbox 527 2138 780 2166; x_wconf 82' lang='lat' dir='ltr'>communes.</span> <span class='ocrx_word' id='word_1_282' title='bbox 818 2129 922 2165; x_wconf 87' lang='lat' dir='ltr'>alias</span> <span class='ocrx_word' id='word_1_283' title='bbox 956 2129 1157 2174; x_wconf 84' lang='lat' dir='ltr'>proprias,</span> <span class='ocrx_word' id='word_1_284' title='bbox 1194 2129 1298 2164; x_wconf 87' lang='lat' dir='ltr'>alias</span> <span class='ocrx_word' id='word_1_285' title='bbox 1335 2128 1468 2175; x_wconf 87' lang='lat' dir='ltr'>magis</span> <span class='ocrx_word' id='word_1_286' title='bbox 1504 2129 1707 2174; x_wconf 82' lang='lat' dir='ltr'>proprias.</span> <span class='ocrx_word' id='word_1_287' title='bbox 1745 2129 1895 2165; x_wconf 92' lang='lat' dir='ltr'>deinde</span> 
     </span>
     <span class='ocr_line' id='line_1_35' title="bbox 224 2194 1894 2240; baseline 0 -10"><span class='ocrx_word' id='word_1_288' title='bbox 224 2194 439 2240; x_wconf 85' lang='lat' dir='ltr'>dupliciter</span> <span class='ocrx_word' id='word_1_289' title='bbox 460 2194 602 2230; x_wconf 90' lang='lat' dir='ltr'>dicens</span> <span class='ocrx_word' id='word_1_290' title='bbox 625 2194 728 2230; x_wconf 88' lang='lat' dir='ltr'>alias</span> <span class='ocrx_word' id='word_1_291' title='bbox 748 2194 889 2230; x_wconf 88' lang='lat' dir='ltr'>facere</span> <span class='ocrx_word' id='word_1_292' title='bbox 911 2194 1046 2234; x_wconf 83' lang='lat' dir='ltr'>alium,</span> <span class='ocrx_word' id='word_1_293' title='bbox 1075 2194 1179 2230; x_wconf 89' lang='lat' dir='ltr'>alias</span> <span class='ocrx_word' id='word_1_294' title='bbox 1201 2194 1420 2230; x_wconf 88' lang='lat' dir='ltr'>alteratum</span> <span class='ocrx_word' id='word_1_295' title='bbox 1441 2194 1584 2230; x_wconf 89' lang='lat' dir='ltr'>solum.</span> <span class='ocrx_word' id='word_1_296' title='bbox 1636 2194 1750 2230; x_wconf 90' lang='lat' dir='ltr'>Nunc</span> <span class='ocrx_word' id='word_1_297' title='bbox 1771 2194 1894 2230; x_wconf 89' lang='lat' dir='ltr'>etiam</span> 
     </span>
     <span class='ocr_line' id='line_1_36' title="bbox 224 2259 1896 2305; baseline -0.001 -9"><span class='ocrx_word' id='word_1_298' title='bbox 224 2260 385 2296; x_wconf 90' lang='lat' dir='ltr'>tertiam</span> <span class='ocrx_word' id='word_1_299' title='bbox 421 2259 667 2296; x_wconf 90' lang='lat' dir='ltr'>divisionem</span> <span class='ocrx_word' id='word_1_300' title='bbox 701 2259 886 2296; x_wconf 83' lang='lat' dir='ltr'>annectit</span> <span class='ocrx_word' id='word_1_301' title='bbox 921 2260 1064 2296; x_wconf 91' lang='lat' dir='ltr'>dicens</span> <span class='ocrx_word' id='word_1_302' title='bbox 1100 2260 1204 2295; x_wconf 89' lang='lat' dir='ltr'>alias</span> <span class='ocrx_word' id='word_1_303' title='bbox 1239 2260 1508 2304; x_wconf 87' lang='lat' dir='ltr'>separabiles,</span> <span class='ocrx_word' id='word_1_304' title='bbox 1545 2260 1648 2295; x_wconf 89' lang='lat' dir='ltr'>alias</span> <span class='ocrx_word' id='word_1_305' title='bbox 1683 2259 1896 2305; x_wconf 85' lang='lat' dir='ltr'>insepara-</span> 
     </span>
     <span class='ocr_line' id='line_1_37' title="bbox 224 2325 1895 2370; baseline 0 -9"><span class='ocrx_word' id='word_1_306' title='bbox 224 2325 339 2366; x_wconf 88' lang='lat' dir='ltr'>biles,</span> <span class='ocrx_word' id='word_1_307' title='bbox 376 2327 416 2361; x_wconf 91' lang='lat' dir='ltr'>et</span> <span class='ocrx_word' id='word_1_308' title='bbox 448 2325 584 2361; x_wconf 84' lang='lat' dir='ltr'>statim</span> <span class='ocrx_word' id='word_1_309' title='bbox 621 2325 925 2370; x_wconf 85' lang='lat' dir='ltr'>inseparabiles</span> <span class='ocrx_word' id='word_1_310' title='bbox 961 2325 1185 2361; x_wconf 87' lang='lat' dir='ltr'>subdividit</span> <span class='ocrx_word' id='word_1_311' title='bbox 1218 2325 1361 2361; x_wconf 89' lang='lat' dir='ltr'>dicens</span> <span class='ocrx_word' id='word_1_312' title='bbox 1401 2325 1505 2361; x_wconf 93' lang='lat' dir='ltr'>alias</span> <span class='ocrx_word' id='word_1_313' title='bbox 1544 2325 1684 2361; x_wconf 89' lang='lat' dir='ltr'>inesse</span> <span class='ocrx_word' id='word_1_314' title='bbox 1725 2334 1798 2370; x_wconf 85' lang='lat' dir='ltr'>per</span> <span class='ocrx_word' id='word_1_315' title='bbox 1837 2335 1895 2363; x_wconf 81' lang='lat' dir='ltr'>se.</span> 
     </span>
     <span class='ocr_line' id='line_1_38' title="bbox 225 2389 1896 2435; baseline 0 -9"><span class='ocrx_word' id='word_1_316' title='bbox 225 2390 329 2426; x_wconf 88' lang='lat' dir='ltr'>alias</span> <span class='ocrx_word' id='word_1_317' title='bbox 364 2399 437 2434; x_wconf 86' lang='lat' dir='ltr'>per</span> <span class='ocrx_word' id='word_1_318' title='bbox 472 2390 679 2426; x_wconf 87' lang='lat' dir='ltr'>accidens.</span> <span class='ocrx_word' id='word_1_319' title='bbox 731 2389 998 2435; x_wconf 87' lang='lat' dir='ltr'>Separabiles</span> <span class='ocrx_word' id='word_1_320' title='bbox 1035 2392 1173 2426; x_wconf 86' lang='lat' dir='ltr'>autem</span> <span class='ocrx_word' id='word_1_321' title='bbox 1211 2389 1467 2426; x_wconf 87' lang='lat' dir='ltr'>differentias</span> <span class='ocrx_word' id='word_1_322' title='bbox 1503 2389 1757 2435; x_wconf 87' lang='lat' dir='ltr'>separabilia</span> <span class='ocrx_word' id='word_1_323' title='bbox 1791 2390 1896 2426; x_wconf 86' lang='lat' dir='ltr'>acci-</span> 
     </span>
     <span class='ocr_line' id='line_1_39' title="bbox 225 2453 1896 2499; baseline 0.001 -10"><span class='ocrx_word' id='word_1_324' title='bbox 225 2453 366 2489; x_wconf 89' lang='lat' dir='ltr'>dentia</span> <span class='ocrx_word' id='word_1_325' title='bbox 392 2455 526 2494; x_wconf 82' lang='lat' dir='ltr'>vocat,</span> <span class='ocrx_word' id='word_1_326' title='bbox 554 2454 858 2499; x_wconf 88' lang='lat' dir='ltr'>inseparabiles</span> <span class='ocrx_word' id='word_1_327' title='bbox 895 2456 978 2490; x_wconf 89' lang='lat' dir='ltr'>tam</span> <span class='ocrx_word' id='word_1_328' title='bbox 1016 2454 1205 2499; x_wconf 88' lang='lat' dir='ltr'>proprias</span> <span class='ocrx_word' id='word_1_329' title='bbox 1234 2463 1356 2499; x_wconf 86' lang='lat' dir='ltr'>quam</span> <span class='ocrx_word' id='word_1_330' title='bbox 1391 2454 1523 2499; x_wconf 85' lang='lat' dir='ltr'>magis</span> <span class='ocrx_word' id='word_1_331' title='bbox 1560 2454 1762 2499; x_wconf 84' lang='lat' dir='ltr'>proprias.</span> <span class='ocrx_word' id='word_1_332' title='bbox 1799 2454 1896 2499; x_wconf 88' lang='lat' dir='ltr'>quia</span> 
     </span>
     <span class='ocr_line' id='line_1_40' title="bbox 225 2518 1459 2564; baseline 0.001 -10"><span class='ocrx_word' id='word_1_333' title='bbox 225 2518 382 2555; x_wconf 90' lang='lat' dir='ltr'>scilicet</span> <span class='ocrx_word' id='word_1_334' title='bbox 409 2519 561 2555; x_wconf 88' lang='lat' dir='ltr'>nullam</span> <span class='ocrx_word' id='word_1_335' title='bbox 588 2521 782 2555; x_wconf 88' lang='lat' dir='ltr'>manente</span> <span class='ocrx_word' id='word_1_336' title='bbox 811 2519 998 2555; x_wconf 89' lang='lat' dir='ltr'>subiecto</span> <span class='ocrx_word' id='word_1_337' title='bbox 1033 2519 1221 2564; x_wconf 89' lang='lat' dir='ltr'>separari</span> <span class='ocrx_word' id='word_1_338' title='bbox 1249 2519 1459 2564; x_wconf 75' lang='lat' dir='ltr'>contingit.</span> 
     </span>
     <span class='ocr_line' id='line_1_41' title="bbox 367 2584 1894 2629; baseline 0 -9"><span class='ocrx_word' id='word_1_339' title='bbox 367 2584 433 2620; x_wconf 89' lang='lat' dir='ltr'>Sic</span> <span class='ocrx_word' id='word_1_340' title='bbox 460 2585 673 2621; x_wconf 85' lang='lat' dir='ltr'>continua:</span> <span class='ocrx_word' id='word_1_341' title='bbox 703 2584 1047 2629; x_wconf 88' lang='lat' dir='ltr'>Quandoquidem</span> <span class='ocrx_word' id='word_1_342' title='bbox 1076 2594 1127 2621; x_wconf 89' lang='lat' dir='ltr'>ea</span> <span class='ocrx_word' id='word_1_343' title='bbox 1155 2594 1262 2629; x_wconf 91' lang='lat' dir='ltr'>quae</span> <span class='ocrx_word' id='word_1_344' title='bbox 1291 2585 1400 2621; x_wconf 90' lang='lat' dir='ltr'>dicta</span> <span class='ocrx_word' id='word_1_345' title='bbox 1427 2587 1532 2623; x_wconf 80' lang='lat' dir='ltr'>sunt,</span> <span class='ocrx_word' id='word_1_346' title='bbox 1560 2585 1612 2620; x_wconf 89' lang='lat' dir='ltr'>ad</span> <span class='ocrx_word' id='word_1_347' title='bbox 1642 2585 1894 2621; x_wconf 80' lang='lat' dir='ltr'>evidentiam</span> 
     </span>
     <span class='ocr_line' id='line_1_42' title="bbox 225 2649 1895 2695; baseline 0.001 -11"><span class='ocrx_word' id='word_1_348' title='bbox 225 2649 484 2685; x_wconf 87' lang='lat' dir='ltr'>differentiae</span> <span class='ocrx_word' id='word_1_349' title='bbox 507 2649 684 2686; x_wconf 88' lang='lat' dir='ltr'>dicenda</span> <span class='ocrx_word' id='word_1_350' title='bbox 705 2650 879 2686; x_wconf 88' lang='lat' dir='ltr'>fuerant.</span> <span class='ocrx_word' id='word_1_351' title='bbox 909 2659 1008 2695; x_wconf 88' lang='lat' dir='ltr'>ergo</span> <span class='ocrx_word' id='word_1_352' title='bbox 1035 2650 1140 2686; x_wconf 91' lang='lat' dir='ltr'>haec</span> <span class='ocrx_word' id='word_1_353' title='bbox 1162 2660 1326 2695; x_wconf 89' lang='lat' dir='ltr'>quoque</span> <span class='ocrx_word' id='word_1_354' title='bbox 1355 2659 1462 2694; x_wconf 88' lang='lat' dir='ltr'>quae</span> <span class='ocrx_word' id='word_1_355' title='bbox 1491 2652 1731 2695; x_wconf 89' lang='lat' dir='ltr'>sequuntur.</span> <span class='ocrx_word' id='word_1_356' title='bbox 1783 2651 1816 2686; x_wconf 79' lang='grc' dir='ltr'>Α</span> <span class='ocrx_word' id='word_1_357' title='bbox 1845 2651 1895 2685; x_wconf 86' lang='lat' dir='ltr'>si-</span> 
     </span>
     <span class='ocr_line' id='line_1_43' title="bbox 226 2713 1894 2759; baseline 0.001 -9"><span class='ocrx_word' id='word_1_358' title='bbox 226 2714 318 2750; x_wconf 91' lang='lat' dir='ltr'>mili.</span> <span class='ocrx_word' id='word_1_359' title='bbox 370 2713 416 2750; x_wconf 83' lang='lat' dir='ltr'>Et</span> <span class='ocrx_word' id='word_1_360' title='bbox 441 2714 518 2750; x_wconf 85' lang='lat' dir='ltr'>hoc</span> <span class='ocrx_word' id='word_1_361' title='bbox 545 2716 625 2750; x_wconf 87' lang='lat' dir='ltr'>est:</span> <span class='ocrx_word' id='word_1_362' title='bbox 654 2714 785 2751; x_wconf 80' lang='lat' dir='ltr'>Alicui</span> <span class='ocrx_word' id='word_1_363' title='bbox 815 2725 964 2750; x_wconf 70' lang='lat' dir='ltr'>rursus</span> <span class='ocrx_word' id='word_1_364' title='bbox 993 2715 1213 2750; x_wconf 71' lang='lat' dir='ltr'>inchoante·</span> <span class='ocrx_word' id='word_1_365' title='bbox 1240 2725 1265 2750; x_wconf 80' lang='grc' dir='ltr'>(ι</span> <span class='ocrx_word' id='word_1_366' title='bbox 1294 2715 1602 2759; x_wconf 57' lang='grc' dir='ltr'>ειιρυνῖονὶὺηκ,</span> <span class='ocrx_word' id='word_1_367' title='bbox 1631 2715 1669 2750; x_wconf 90' lang='lat' dir='ltr'>id</span> <span class='ocrx_word' id='word_1_368' title='bbox 1699 2717 1763 2751; x_wconf 90' lang='lat' dir='ltr'>est</span> <span class='ocrx_word' id='word_1_369' title='bbox 1790 2715 1894 2751; x_wconf 87' lang='lat' dir='ltr'>acci-</span> 
     </span>
     <span class='ocr_line' id='line_1_44' title="bbox 226 2779 1894 2824; baseline 0 -9"><span class='ocrx_word' id='word_1_370' title='bbox 226 2779 352 2824; x_wconf 89' lang='lat' dir='ltr'>pienti</span> <span class='ocrx_word' id='word_1_371' title='bbox 389 2789 539 2815; x_wconf 90' lang='lat' dir='ltr'>nomen</span> <span class='ocrx_word' id='word_1_372' title='bbox 568 2779 828 2816; x_wconf 87' lang='lat' dir='ltr'>differentiae</span> <span class='ocrx_word' id='word_1_373' title='bbox 863 2780 918 2815; x_wconf 91' lang='lat' dir='ltr'>ita</span> <span class='ocrx_word' id='word_1_374' title='bbox 947 2780 1072 2824; x_wconf 72' lang='lat' dir='ltr'>large,</span> <span class='ocrx_word' id='word_1_375' title='bbox 1108 2782 1150 2815; x_wconf 92' lang='lat' dir='ltr'>ut</span> <span class='ocrx_word' id='word_1_376' title='bbox 1186 2789 1332 2816; x_wconf 89' lang='lat' dir='ltr'>omnes</span> <span class='ocrx_word' id='word_1_377' title='bbox 1370 2780 1515 2815; x_wconf 90' lang='lat' dir='ltr'>modos</span> <span class='ocrx_word' id='word_1_378' title='bbox 1554 2780 1792 2815; x_wconf 89' lang='lat' dir='ltr'>enuntiatos</span> <span class='ocrx_word' id='word_1_379' title='bbox 1830 2789 1894 2815; x_wconf 92' lang='lat' dir='ltr'>su-</span> 
     </span>
     <span class='ocr_line' id='line_1_45' title="bbox 225 2844 1893 2891; baseline 0.001 -11"><span class='ocrx_word' id='word_1_380' title='bbox 225 2845 365 2890; x_wconf 88' lang='lat' dir='ltr'>perius</span> <span class='ocrx_word' id='word_1_381' title='bbox 393 2844 584 2883; x_wconf 84' lang='lat' dir='ltr'>includat.</span> <span class='ocrx_word' id='word_1_382' title='bbox 621 2845 845 2880; x_wconf 69' lang='lat' dir='ltr'>(licendum</span> <span class='ocrx_word' id='word_1_383' title='bbox 876 2847 932 2881; x_wconf 74' lang='lat' dir='ltr'>es!</span> <span class='ocrx_word' id='word_1_384' title='bbox 961 2848 1049 2883; x_wconf 83' lang='lat' dir='ltr'>etc..</span> <span class='ocrx_word' id='word_1_385' title='bbox 1088 2845 1126 2880; x_wconf 90' lang='lat' dir='ltr'>id</span> <span class='ocrx_word' id='word_1_386' title='bbox 1155 2847 1219 2880; x_wconf 87' lang='lat' dir='ltr'>est</span> <span class='ocrx_word' id='word_1_387' title='bbox 1255 2846 1393 2889; x_wconf 85' lang='lat' dir='ltr'>potest</span> <span class='ocrx_word' id='word_1_388' title='bbox 1429 2845 1468 2880; x_wconf 95' lang='lat' dir='ltr'>in</span> <span class='ocrx_word' id='word_1_389' title='bbox 1507 2845 1747 2891; x_wconf 68' lang='lat' dir='ltr'>syllogismo</span> <span class='ocrx_word' id='word_1_390' title='bbox 1785 2855 1893 2881; x_wconf 89' lang='lat' dir='ltr'>esse.</span> 
     </span>
     <span class='ocr_line' id='line_1_46' title="bbox 225 2909 1891 2956; baseline 0 -10"><span class='ocrx_word' id='word_1_391' title='bbox 225 2911 258 2947; x_wconf 81' lang='grc' dir='ltr'>Α</span> <span class='ocrx_word' id='word_1_392' title='bbox 287 2909 472 2956; x_wconf 88' lang='lat' dir='ltr'>partibus</span> <span class='ocrx_word' id='word_1_393' title='bbox 501 2909 728 2945; x_wconf 88' lang='lat' dir='ltr'>secundum</span> <span class='ocrx_word' id='word_1_394' title='bbox 757 2910 951 2954; x_wconf 84' lang='lat' dir='ltr'>exempla</span> <span class='ocrx_word' id='word_1_395' title='bbox 977 2909 1244 2954; x_wconf 89' lang='lat' dir='ltr'>supraposita</span> <span class='ocrx_word' id='word_1_396' title='bbox 1265 2911 1347 2945; x_wconf 86' lang='lat' dir='ltr'>tam</span> <span class='ocrx_word' id='word_1_397' title='bbox 1371 2910 1421 2945; x_wconf 89' lang='lat' dir='ltr'>de</span> <span class='ocrx_word' id='word_1_398' title='bbox 1444 2909 1747 2954; x_wconf 86' lang='lat' dir='ltr'>separabilibus</span> <span class='ocrx_word' id='word_1_399' title='bbox 1770 2920 1891 2955; x_wconf 88' lang='lat' dir='ltr'>quarn</span> 
     </span>
    </p>
   </div>
   <div class='ocr_carea' id='block_1_13' title="bbox 226 3005 1891 3186">
    <p class='ocr_par' dir='ltr' id='par_1_13' title="bbox 226 3005 1891 3186">
     <span class='ocr_line' id='line_1_47' title="bbox 367 3005 1890 3049; baseline 0.001 -10"><span class='ocrx_word' id='word_1_400' title='bbox 367 3010 386 3040; x_wconf 78' lang='lat'>3</span> <span class='ocrx_word' id='word_1_401' title='bbox 415 3005 656 3047; x_wconf 88' lang='lat' dir='ltr'>insinuamus]</span> <span class='ocrx_word' id='word_1_402' title='bbox 679 3007 884 3040; x_wconf 88' lang='lat' dir='ltr'>infiniemus</span> <span class='ocrx_word' id='word_1_403' title='bbox 909 3008 934 3039; x_wconf 77' lang='grc' dir='ltr'><em>Α</em></span> <span class='ocrx_word' id='word_1_404' title='bbox 1025 3009 1063 3039; x_wconf 81' lang='grc'>13</span> <span class='ocrx_word' id='word_1_405' title='bbox 1087 3007 1292 3040; x_wconf 89' lang='lat' dir='ltr'>Secundum</span> <span class='ocrx_word' id='word_1_406' title='bbox 1314 3008 1441 3040; x_wconf 79' lang='lat' dir='ltr'>Boeth.</span> <span class='ocrx_word' id='word_1_407' title='bbox 1464 3007 1552 3040; x_wconf 90' lang='lat' dir='ltr'>Sunt</span> <span class='ocrx_word' id='word_1_408' title='bbox 1576 3009 1600 3039; x_wconf 83' lang='lat' dir='ltr'>.l</span> <span class='ocrx_word' id='word_1_409' title='bbox 1700 3009 1740 3040; x_wconf 85' lang='lat'>15</span> <span class='ocrx_word' id='word_1_410' title='bbox 1763 3008 1848 3049; x_wconf 86' lang='lat' dir='ltr'>quid</span> <span class='ocrx_word' id='word_1_411' title='bbox 1863 3008 1890 3041; x_wconf 74' lang='grc' dir='ltr'><strong><em>Α</em></strong></span> 
     </span>
     <span class='ocr_line' id='line_1_48' title="bbox 226 3054 1891 3120; baseline -0.001 -8"><span class='ocrx_word' id='word_1_412' title='bbox 226 3081 264 3112; x_wconf 77' lang='grc'>21</span> <span class='ocrx_word' id='word_1_413' title='bbox 290 3080 477 3120; x_wconf 77' lang='lat' dir='ltr'>composi&#39;t</span> <span class='ocrx_word' id='word_1_414' title='bbox 497 3080 523 3111; x_wconf 86' lang='grc' dir='ltr'><em>Λ</em></span> <span class='ocrx_word' id='word_1_415' title='bbox 592 3080 635 3111; x_wconf 81' lang='grc'>26</span> <span class='ocrx_word' id='word_1_416' title='bbox 663 3054 786 3118; x_wconf 61' lang='lat' dir='ltr'>nonin³</span> <span class='ocrx_word' id='word_1_417' title='bbox 812 3080 836 3110; x_wconf 76' lang='lat' dir='ltr'>,l</span> <span class='ocrx_word' id='word_1_418' title='bbox 908 3080 949 3111; x_wconf 78' lang='lat'>32</span> <span class='ocrx_word' id='word_1_419' title='bbox 972 3079 1093 3111; x_wconf 87' lang='lat' dir='ltr'>subdit</span> <span class='ocrx_word' id='word_1_420' title='bbox 1115 3079 1139 3111; x_wconf 77' lang='grc' dir='ltr'><em>Α</em></span> <span class='ocrx_word' id='word_1_421' title='bbox 1214 3080 1254 3110; x_wconf 69' lang='grc'>34</span> <span class='ocrx_word' id='word_1_422' title='bbox 1279 3077 1562 3119; x_wconf 72' lang='lat' dir='ltr'>inseparabiles]</span> <span class='ocrx_word' id='word_1_423' title='bbox 1585 3080 1616 3111; x_wconf 94' lang='lat' dir='ltr'>in</span> <span class='ocrx_word' id='word_1_424' title='bbox 1639 3088 1680 3111; x_wconf 92' lang='lat' dir='ltr'>se</span> <span class='ocrx_word' id='word_1_425' title='bbox 1701 3079 1748 3118; x_wconf 45' lang='grc' dir='ltr'>ΑΒ</span> <span class='ocrx_word' id='word_1_426' title='bbox 1769 3088 1840 3111; x_wconf 83' lang='lat' dir='ltr'>om.</span> <span class='ocrx_word' id='word_1_427' title='bbox 1863 3079 1891 3112; x_wconf 72' lang='lat' dir='ltr'><strong><em>A</em></strong></span> 
     </span>
     <span class='ocr_line' id='line_1_49' title="bbox 369 3144 1740 3186; baseline -0.001 -9"><span class='ocrx_word' id='word_1_428' title='bbox 369 3144 376 3166; x_wconf 91' lang='lat'>¹</span> <span class='ocrx_word' id='word_1_429' title='bbox 407 3145 567 3182; x_wconf 70' lang='lat' dir='ltr'>Boetn,</span> <span class='ocrx_word' id='word_1_430' title='bbox 599 3144 638 3177; x_wconf 81' lang='grc' dir='ltr'>1η</span> <span class='ocrx_word' id='word_1_431' title='bbox 668 3144 805 3186; x_wconf 72' lang='lat' dir='ltr'>Por-ph.</span> <span class='ocrx_word' id='word_1_432' title='bbox 834 3145 888 3176; x_wconf 90' lang='lat' dir='ltr'>ed.</span> <span class='ocrx_word' id='word_1_433' title='bbox 918 3144 943 3176; x_wconf 93' lang='lat' dir='ltr'>ll</span> <span class='ocrx_word' id='word_1_434' title='bbox 973 3144 994 3176; x_wconf 88' lang='grc' dir='ltr'>Ι.</span> <span class='ocrx_word' id='word_1_435' title='bbox 1023 3154 1061 3181; x_wconf 63' lang='lat' dir='ltr'>r„</span> <span class='ocrx_word' id='word_1_436' title='bbox 1092 3144 1246 3185; x_wconf 70' lang='lat' dir='ltr'>p.215?·&#39;‘.</span> <span class='ocrx_word' id='word_1_437' title='bbox 1378 3144 1393 3165; x_wconf 76' lang='lat'><strong>²</strong></span> <span class='ocrx_word' id='word_1_438' title='bbox 1420 3145 1471 3178; x_wconf 77' lang='lat' dir='ltr'>Cr.</span> <span class='ocrx_word' id='word_1_439' title='bbox 1499 3151 1620 3185; x_wconf 76' lang='lat' dir='ltr'>supra</span> <span class='ocrx_word' id='word_1_440' title='bbox 1650 3154 1682 3186; x_wconf 90' lang='lat' dir='ltr'>p.</span> <span class='ocrx_word' id='word_1_441' title='bbox 1711 3146 1740 3176; x_wconf 79' lang='grc' dir='ltr'>(ἱ.</span> 
     </span>
    </p>
   </div>
  </div>
 </body>
</html>
