2200 3387
302 220 323 253 li
687 220 792 252 Peter
819 220 1022 251 Abaelards
1051 219 1185 260 Logica
1212 219 1535 260 ‚Ingredientibus·.

304 327 467 363 quoque
508 316 687 362 cognitio
724 316 763 351 in
804 326 854 351 eo
895 316 1018 354 iuvat.
1059 315 1167 360 quod
1208 315 1296 360 ipse
1329 315 1761 360 praedicamentorum
1799 316 1967 361 propria

304 383 500 427 assignat.
534 384 576 417 ut
608 391 698 417 cum
730 381 989 416 substantiae
1017 380 1114 417 dicit
1140 380 1350 425 proprium
1380 389 1474 417 esse
1501 381 1611 425 quod
1641 391 1733 417 cum
1761 380 1814 417 sit
1842 389 1968 416 unum

305 450 345 483 et
386 447 494 483 idem
535 455 705 481 numero
746 448 860 481 etc.¹.
912 445 970 481 Ne
1011 445 1133 491 igitur
1168 445 1322 490 proprii
1361 447 1509 482 natura
1553 446 1649 482 tunc
1694 445 1967 491 ignoraretur,

305 511 631 548 demonstranda
658 520 765 546 nunc
801 512 900 546 erat.
952 510 1050 546 lllud
1087 512 1225 546 tamen
1263 510 1500 548 notandum,
1537 510 1647 555 quod
1683 511 1841 546 tantum
1876 519 1968 555 pro·

306 577 395 622 pria
428 575 818 621 specialissimarum
850 575 1082 620 specierum
1116 575 1422 625 Porphyrius
1461 576 1621 617 tractat,
1658 574 1967 611 Aristoteles
1988 579 2005 606 5

307 651 407 677 vero
436 642 602 686 propria
638 650 836 686 generum
873 640 1108 686 investigat.
1136 641 1209 676 sed
1247 642 1384 676 tamen
1422 649 1474 676 ex
1501 640 1673 676 istorum
1709 639 1970 685 propriorum

305 706 568 742 similitudine
597 706 755 741 illorum
784 714 948 750 quoque
970 705 1259 741 manifestatur
1280 707 1438 743 natura.
1467 705 1563 750 quia
1583 705 1730 741 eodem
1752 705 1875 741 modo
1902 704 1971 741 illa

307 771 498 806 dicuntur
524 769 691 815 propria
725 779 925 815 generum
958 769 1165 814 quomodo
1195 769 1271 805 ista
1307 769 1552 814 specierum.
1581 779 1631 805 eo
1668 769 1826 805 scilicet
1860 768 1970 814 quod

308 836 417 871 omni
438 837 477 871 et
505 835 581 870 soli
603 837 642 870 et
663 843 827 879 semper
848 834 1108 870 conveniant.
1150 833 1355 874 Quantum
1378 843 1477 870 vero
1505 833 1797 870 accidentis
1824 833 1972 870 notitia

307 901 359 936 ad
387 900 725 945 praedicamenta
753 900 901 935 valeat.
930 899 1022 943 quis
1050 899 1216 936 dubitet.
1244 908 1334 935 cum
1369 899 1408 935 in
1437 909 1586 935 novem
1620 898 1969 944 praedicamentis
1991 907 2025 933 10

308 966 397 1001 sola
425 965 658 1001 accidentia
685 964 895 1009 reperiat?
944 964 1167 1000 Praeterea
1203 964 1289 1009 ipse
1322 964 1633 1000 Aristoteles
1665 963 1905 1009 frequenter
1931 964 1972 1000 et

309 1030 527 1075 diligenter
561 1039 702 1065 eorum
741 1038 847 1073 quae
877 1029 916 1064 in
950 1029 1136 1065 subiecto
1167 1030 1272 1067 sunt,
1307 1029 1346 1064 id
1380 1030 1442 1064 est
1472 1029 1757 1066 accidentium.
1787 1028 1970 1074 proprie-

308 1097 414 1130 tates
459 1094 635 1139 inquirit.
681 1094 732 1130 ad
767 1094 875 1139 quod
908 1094 1132 1139 praecipue
1175 1095 1373 1129 tractatus
1409 1094 1588 1139 pertinet
1626 1093 1864 1130 accidentis.
1908 1093 1972 1129 Ad

309 1159 602 1195 discretionem
643 1167 806 1203 quoque
847 1158 1107 1194 differentiae
1141 1158 1207 1194 vel
1240 1158 1394 1203 proprii
1427 1158 1654 1194 accidentis
1694 1157 1767 1204 [et]
1809 1157 1974 1203 proficit

309 1225 464 1261 notitia
502 1224 598 1269 quia
634 1233 711 1260 nec
747 1224 814 1259 illa
849 1223 1033 1268 perfecte
1076 1225 1396 1269 cognoscuntur,
1435 1223 1470 1259 si
1503 1223 1618 1259 istius
1659 1223 1854 1259 discretio
1888 1232 1972 1259 non
1994 1231 2028 1257 15

309 1291 510 1325 teneatur.

451 1353 566 1389 Nunc
588 1355 725 1389 autem
753 1353 960 1397 quomodo
989 1352 1137 1388 eadem
1159 1352 1338 1398 quinque
1360 1353 1412 1388 ad
1440 1352 1767 1388 definitiones
1794 1352 1973 1394 valeant,

311 1418 590 1455 ostendamus.
639 1418 955 1464 Definitiorvero
984 1417 1065 1454 alia
1085 1417 1378 1459 substantialis,
1407 1417 1489 1453 alia
1515 1417 1758 1462 descriptio;
1786 1417 1974 1459 substan-

311 1484 418 1520 tialis
457 1483 621 1528 quidem
650 1493 756 1528 quae
801 1483 957 1528 speciei
999 1484 1156 1518 tantum
1193 1484 1265 1523 est,
1300 1492 1431 1528 genus
1465 1483 1589 1518 sumit
1631 1492 1680 1518 ac
1716 1482 1973 1519 differentias

312 1548 488 1592 ideoque
509 1547 560 1583 ad
582 1556 673 1583 eam
696 1550 777 1583 tam
805 1547 972 1592 generis
1001 1556 1122 1591 quam
1151 1546 1411 1582 differentiae
1440 1556 1562 1591 quam
1590 1546 1746 1591 speciei
1772 1547 1973 1583 tractatus
1993 1555 2029 1580 20

312 1614 432 1649 valet.
484 1612 716 1657 Descriptio
745 1621 844 1647 vero
878 1611 1119 1656 frequenter
1146 1612 1196 1647 ab
1225 1611 1509 1647 accidentibus
1536 1611 1720 1647 trahitur.
1772 1611 1891 1647 Unde
1923 1611 1975 1647 ad

313 1687 404 1714 eam
437 1677 659 1723 praecipue
691 1677 917 1713 accidentis
945 1676 1125 1722 cognitio
1147 1676 1269 1712 valet.
1320 1676 1477 1721 Proprii
1508 1678 1646 1713 autem
1676 1676 1823 1712 notitia
1851 1685 1976 1722 gene-

312 1743 453 1779 raliter
486 1743 538 1779 ad
572 1751 716 1778 omnes
751 1742 1015 1778 definitiones
1054 1742 1225 1787 prodest
1258 1751 1365 1787 quae
1393 1742 1482 1778 eius
1516 1740 1823 1778 similitudinem
1849 1741 1890 1778 in
1924 1750 1975 1778 eo

314 1809 467 1844 tenent.
495 1808 604 1852 quod
633 1809 673 1843 et
700 1807 817 1852 ipsae
846 1816 1010 1851 quoque
1038 1807 1090 1842 ad
1113 1806 1326 1842 definitum
1354 1808 1662 1842 convertuntur.

454 1871 517 1908 Ad
544 1870 827 1907 divisiones
856 1879 1019 1915 quoque
1047 1870 1153 1906 adeo
1181 1870 1285 1906 haec
1313 1870 1493 1916 quinque
1520 1870 1765 1906 necessaria
1791 1871 1898 1911 sunt,
1932 1870 1976 1906 ut
1995 1883 2030 1909 25

314 1938 481 1982 praeter
508 1946 651 1972 eorum
679 1936 867 1972 notitiam
894 1945 995 1971 casu
1027 1935 1164 1980 potius
1199 1945 1320 1980 quam
1354 1935 1514 1971 ratione
1541 1935 1616 1971 fiat
1648 1935 1805 1971 divisio.
1858 1935 1976 1975 Quod

314 2010 388 2045 per
415 2000 599 2046 singulas
627 1999 853 2035 divisiones
881 1999 1183 2050 inspiciendum
1211 2000 1283 2035 est.
1324 1998 1425 2034 Sunt
1451 2000 1589 2035 autem
1616 2000 1720 2034 tres
1749 1998 1976 2034 divisiones

315 2065 587 2101 secundum
615 2074 682 2102 se,
709 2064 877 2110 generis
905 2064 1074 2105 scilicet,
1103 2064 1227 2099 totius
1255 2065 1295 2099 et
1322 2063 1456 2107 vocis;
1483 2073 1626 2099 rursus
1663 2064 1768 2099 tres
1801 2073 1978 2099 secun-

316 2130 425 2166 dum
452 2130 710 2170 accidens,
740 2129 904 2174 quando
933 2129 1089 2165 scilicet
1109 2129 1177 2164 vel
1203 2128 1399 2165 accidens
1421 2128 1461 2164 in
1482 2128 1671 2164 subiecta
1697 2129 1764 2164 vel
1790 2127 1978 2165 subiecta

315 2195 355 2231 in
377 2195 608 2231 accidentia
629 2195 694 2230 vel
716 2194 910 2230 accidens
930 2194 971 2230 in
992 2193 1225 2230 accidentia
1245 2193 1447 2230 dividitur.
1492 2192 1551 2229 Ea
1576 2202 1677 2229 vero
1699 2192 1847 2229 divisio
1869 2202 1977 2238 quae
1997 2205 2032 2231 30

316 2260 482 2305 generis
511 2262 585 2297 est,
613 2260 734 2296 modo
762 2260 801 2295 in
830 2259 994 2304 species
1026 2259 1084 2300 fit,
1119 2259 1241 2295 modo
1277 2259 1317 2294 in
1355 2258 1613 2294 differentias
1649 2268 1723 2303 pro
1757 2258 1977 2303 speciebus

317 2326 486 2370 positas.
546 2325 663 2361 Unde
701 2325 751 2360 ad
790 2334 881 2360 eam
922 2326 1005 2361 tam
1041 2333 1173 2370 genus
1221 2333 1343 2368 quam
1388 2323 1551 2368 species
1584 2333 1707 2368 quam
1743 2322 1979 2360 differentia

317 2390 569 2427 conveniunt
595 2389 826 2434 eademque
848 2389 900 2425 ad
928 2388 1222 2425 discretionem
1255 2387 1469 2424 divisionis
1496 2387 1621 2424 totius
1649 2389 1690 2424 et
1715 2387 1830 2424 vocis
1856 2387 1979 2433 profi-

318 2456 438 2496 ciunt,
468 2464 574 2500 quae
603 2455 767 2499 quidem
795 2464 885 2489 cum
921 2454 1082 2493 fierent,
1114 2453 1281 2499 generis
1317 2453 1449 2489 videri
1483 2454 1664 2498 possent,
1699 2452 1777 2488 nisi
1810 2452 1978 2499 generis

317 2523 465 2556 natura
502 2519 771 2565 praecognita
811 2521 931 2559 esset,
973 2519 1100 2555 veluti
1139 2528 1190 2554 ea
1229 2519 1337 2564 quod
1377 2527 1499 2554 omne
1537 2527 1670 2564 genus
1710 2518 1760 2554 de
1805 2517 1977 2563 singulis
1997 2528 2032 2554 35

319 2585 539 2631 speciebus
566 2585 829 2630 praedicatur
854 2584 1043 2623 univoce.
1072 2586 1200 2619 totum
1228 2593 1328 2619 vero
1357 2583 1408 2619 de
1441 2582 1786 2627 componentibus
1820 2591 1866 2618 se
1899 2581 1980 2618 sin-

319 2651 486 2697 gillatim
513 2660 596 2686 non
619 2649 882 2695 praedicatur
902 2658 1037 2693 neque
1059 2659 1142 2684 vox
1165 2648 1376 2692 multiplex
1398 2647 1674 2683 dividentibus
1696 2646 1781 2682 suis
1802 2646 1979 2683 univoce

320 2716 525 2752 convenit.
576 2715 653 2751 Per
679 2715 757 2750 hoc
785 2714 908 2750 etiam
937 2714 989 2749 ad
1017 2713 1260 2749 divisionem
1289 2712 1546 2757 aequivocae
1580 2711 1696 2747 vocis
1728 2711 1834 2748 haec
1859 2711 1980 2756 pluri-

320 2791 427 2817 mum
456 2782 637 2826 prosunt.
666 2780 762 2825 quia
788 2780 840 2816 ad
868 2779 1132 2815 definitiones
1164 2778 1279 2814 utilia
1305 2778 1434 2818 erant,
1463 2776 1613 2822 quippe
1648 2786 1701 2812 ex
1734 2775 1980 2812 definitioni-

463 2936 481 2967 2
510 2935 595 2967 dicit
620 2934 668 2972 ΑΖ
695 2935 837 2965 [mima
859 2934 894 2965 in
917 2933 946 2965 A
1066 2933 1103 2964 11
1135 2933 1347 2972 frequenter
1373 2931 1590 2963 Aristoteles
1614 2930 1644 2962 A
1757 2931 1797 2962 19
1825 2931 1928 2962 sumu
1949 2928 1979 2962 A

322 2996 364 3027 24
392 2996 519 3027 tenent
539 2994 585 3031 ΑΖ
612 2993 797 3025 teneturA
873 2993 1135 3025 convertuntur
1160 2991 1207 3029 A2
1234 2990 1458 3022 convertitur
1483 2989 1512 3021 A

464 3082 473 3104 ¹
503 3083 664 3119 Boeth.,
694 3082 738 3114 [η
766 3082 888 3121 Catey.
917 3081 979 3113 Ar.
1007 3080 1063 3113 PL
1089 3081 1144 3118 64,
1173 3089 1206 3120 p.
1237 3080 1302 3112 198
1319 3079 1355 3111 B.
