2200 3387
159 1299 290 1334 Boetli.

144 1358 176 1390 p.
188 1347 258 1380 250
268 1349 297 1371 2⁴

322 245 366 278 70
730 246 840 277 l'eter
866 246 1069 278 Abaelards
1098 246 1229 287 Logiea
1258 247 1580 287 ‚111g1·cdie11tib11s·.

322 343 372 377 de
402 342 742 387 inseparabilibus
771 342 1024 377 differentiis.
1077 342 1381 378 .llot·‹’1·1'‹¹m‘m.
1434 343 1541 378 Vere
1567 344 1769 388 quaedam
1798 346 1892 380 sunt
1919 354 1979 380 se—

323 407 539 451 parabiles.
577 407 671 451 quia
708 406 824 442 istae.
876 407 909 442 A
947 407 1142 451 partibus.
1202 408 1364 443 Sanum
1406 418 1501 449 esse,
1537 408 1575 443 id
1613 410 1676 444 est
1712 409 1879 444 sanitas.
1933 409 1979 444 Et

322 481 610 515 (pateramque
638 472 702 507 his
727 474 824 506 sun!
851 472 1064 515 prare'mu,
1091 471 1128 507 id
1158 473 1221 507 est
1242 471 1401 510 similia.
1429 474 1471 507 ut
1491 473 1682 508 videlicet
1702 475 1795 508 actu
1817 483 1980 518 quoque

324 536 410 580 ipso
451 536 699 580 quandoque
737 538 994 580 separentur.
1050 536 1374 580 Inseparabilia.
1426 536 1756 573 Subdivisionem
1792 537 1891 573 facit
1929 538 1980 574 de

324 600 668 645 inseparabilibus
691 600 945 636 differentiis.
998 600 1114 640 Quod
1137 601 1207 636 ait:
1235 610 1312 644 per
1336 611 1389 641 se,
1417 601 1496 636 tale
1519 603 1592 639 est.
1615 611 1663 637 ac
1684 602 1719 637 si
1746 602 1870 638 dicat:
1898 612 1978 638 non
2000 610 2016 634 5

323 675 396 709 per
423 665 628 702 accidens.
658 665 761 701 sieut
789 667 828 701 et
857 665 894 700 in
923 665 1292 700 Divisionibusl
1323 667 1406 701 tres
1428 666 1656 702 divisiones
1684 667 1910 702 secundum
1936 671 1999 703 se·

323 730 511 765 dicuntur
538 739 632 765 esse
661 730 711 765 ad
740 730 1015 766 differentiam
1044 740 1196 767 earum.
1234 740 1341 774 quae
1381 733 1475 766 sunt
1512 732 1739 766 secundum
1775 731 1981 767 accidens.

322 795 429 830 ,Yam
462 795 684 830 rationale.
735 795 777 830 ln
806 795 989 839 partibus
1012 795 1189 830 ostendit
1211 795 1411 839 quasdam
1434 795 1690 831 differentias
1712 805 1786 841 per
1807 806 1852 832 se
1874 805 1981 836 esse.

324 860 400 895 lioc
427 863 490 895 est
520 870 600 895 non
632 870 727 895 esse
755 860 1045 895 accidentales.

464 924 528 964 Qu
542 924 746 961 aeritur.
767 934 857 960 cum
874 925 1261 969 perceptibilitatem
1278 925 1519 970 disciplinae
1536 925 1846 962 substantialem
1869 926 1982 962 diffe-
2006 937 2036 961 10

323 990 496 1024 rentiam
526 990 832 1034 Porphyrius
861 990 979 1030 dicat,
1008 991 1213 1034 quomodo
1251 990 1492 1026 Boethius
1531 991 1571 1026 in
1608 991 1983 1027 Divisionibus2

324 1054 547 1099 potentiam
570 1054 753 1089 discendi
775 1054 1045 1099 geometriam
1068 1055 1383 1091 substantialem
1405 1065 1500 1091 esse
1523 1058 1658 1101 negat.
1693 1055 1773 1092 Sed
1796 1056 1982 1100 profecto

323 1118 430 1154 aliud
459 1120 522 1154 est
549 1118 874 1163 perceptibilitas
902 1118 1113 1156 scientiae.
1150 1119 1258 1155 aliud
1293 1120 1478 1164 potentia
1505 1121 1556 1156 ad
1584 1121 1824 1156 discendum
1852 1121 1982 1156 scien-

322 1184 430 1219 tiam.
482 1183 583 1218 Nam
611 1183 677 1218 illa
704 1183 930 1218 secundum
960 1186 1159 1224 naturam,
1188 1184 1346 1220 scilicet
1372 1184 1620 1229 simpliciter,
1648 1186 1857 1229 pensatur,
1878 1185 1983 1221 haec

324 1248 548 1283 secundum
578 1248 820 1283 exercitium
849 1248 1033 1283 discendi
1061 1248 1270 1293 accipitur.
2004 1259 2036 1285 15

462 1315 567 1350 Illae
605 1316 745 1359 [uitur.
798 1315 985 1351 Ostensis
1024 1315 1207 1360 pluribus
1245 1315 1518 1351 diviSionibus
1556 1315 1894 1357 differentIarum‚
1931 1325 1983 1351 ne

322 1381 491 1424 propter
518 1379 800 1415 diversitatem
817 1379 1113 1415 vocabulorum
1136 1379 1376 1415 viderentur
1402 1379 1588 1415 membra
1610 1379 1857 1415 divisionum
1885 1379 1985 1415 divi-

323 1453 460 1480 sarum
490 1453 542 1479 ex
570 1446 656 1479 toto
685 1453 781 1479 esse
811 1444 988 1481 diversa,
1017 1444 1275 1480 demonstrat
1302 1444 1369 1480 illa
1389 1444 1626 1484 convenire,
1658 1444 1800 1480 dicens
1828 1444 1984 1480 scilicet

322 1509 411 1545 illas
440 1509 706 1546 differentias.
736 1518 841 1553 quae
880 1518 953 1553 per
980 1519 1025 1545 se
1055 1511 1159 1547 sunt.
1195 1519 1291 1545 esse
1319 1509 1408 1544 illas
1437 1518 1543 1554 quae
1571 1509 1829 1554 accipiuntur
1854 1509 1896 1545 in
1922 1510 1984 1545 ra-

321 1574 432 1609 tione
460 1574 764 1615 <substanti-ae>
801 1575 841 1609 et
875 1584 980 1619 quae
1016 1574 1172 1610 faciunt
1208 1574 1328 1612 aliud,
1365 1574 1455 1610 illas
1483 1584 1583 1610 vero
1611 1584 1718 1619 quae
1755 1575 1980 1610 secundum
2003 1580 2037 1606 20

322 1637 515 1673 accidens
537 1639 640 1674 sunt.
663 1647 685 1673 e
707 1638 914 1673 contrario
936 1638 1101 1673 habere.
1155 1638 1221 1673 Sic
1244 1638 1383 1683 iunge:
1424 1638 1532 1674 Istae
1555 1639 1845 1683 suprapositae
1869 1638 1982 1674 diffe-

321 1703 480 1738 rentiae
507 1712 584 1746 per
608 1713 650 1737 se
675 1705 772 1738 sun!
807 1704 847 1739 et
881 1712 1025 1738 omnes
1060 1703 1152 1738 illae
1190 1712 1295 1747 quae
1334 1712 1407 1748 per
1441 1713 1486 1738 se
1523 1704 1628 1751 sunt,
1665 1703 1704 1739 id
1741 1705 1805 1739 est
1845 1703 1984 1739 omnia

323 1768 525 1803 vocabula
552 1769 715 1812 sumpta
742 1777 896 1805 earum.
925 1777 1031 1812 quae
1059 1777 1134 1812 per
1160 1778 1206 1803 se
1235 1769 1339 1807 sunt,
1362 1768 1556 1812 quoniam
1585 1776 1659 1812 per
1680 1777 1725 1804 se
1748 1769 1853 1808 sunt,
1880 1768 1983 1803 acci-

319 1832 505 1876 piuntur
525 1833 599 1867 etc.
628 1833 663 1867 et
690 1832 852 1867 sariunt
879 1832 1014 1874 aliud,
1041 1832 1119 1867 hoc
1148 1833 1211 1868 est
1239 1832 1475 1877 significant
1496 1841 1584 1868 rem
1606 1841 1712 1876 quae
1734 1832 1983 1868 substantia-

320 1897 412 1932 liter
439 1898 722 1933 commutatur.
756 1896 820 1932 cui
854 1896 1090 1932 adveniunt.
1141 1896 1188 1932 Et
1224 1896 1444 1934 attende.
1465 1885 1592 1941 'quod
1628 1897 1692 1932 hic
1730 1897 1854 1941 plene
1881 1896 2031 1932 inci-25

324 1961 381 2006 pit
408 1961 581 2006 exsequi
608 1961 885 2006 proprietates
920 1962 1213 1997 vocabulorum
1244 1971 1349 2006 quae
1378 1961 1544 1997 differre
1578 1952 1857 2002 dicuntur‚‘ut
1890 1962 1985 1997 sunt

324 2026 536 2063 rationale.
582 2026 765 2063 mortale.
812 2026 915 2061 haec
952 2026 1130 2061 nomina.
1162 2026 1309 2070 quibus
1349 2026 1576 2062 divisiones
1616 2027 1682 2061 vel
1722 2025 1984 2062 definitiones

323 2091 618 2135 componimus.
670 2090 771 2126 Nam
806 2091 883 2126 etsi
916 2100 984 2126 res
1012 2091 1140 2135 ipsae.
1180 2090 1438 2126 rationalitas
1471 2091 1629 2126 scilicet
1662 2092 1703 2126 et
1742 2090 1983 2131 mortalitas,

324 2154 488 2199 proprie
517 2154 684 2190 differre
713 2154 901 2190 dicantur
922 2156 961 2190 et
981 2154 1308 2190 substantialiter
1329 2155 1394 2190 vel
1416 2154 1623 2200 specifice,
1651 2154 1747 2199 quia
1767 2154 1807 2189 id
1829 2154 1985 2190 scilicet

325 2219 387 2254 cui
414 2218 650 2254 adveniunt.
677 2218 717 2253 in
745 2218 1019 2254 substantiam
1047 2218 1204 2263 speciei
1231 2219 1486 2263 promovent,
1521 2218 1653 2263 gratia
1680 2219 1818 2254 tamen
1844 2227 1981 2253 rerum
2001 2225 2036 2249 30

325 2283 447 2319 etiam
463 2283 676 2323 vocabula,
699 2292 804 2327 quae
827 2283 1053 2319 secundum
1070 2292 1142 2318 eas
1158 2283 1350 2328 imposita
1370 2285 1475 2323 sunt,
1498 2283 1761 2318 differentiae
1783 2283 1983 2324 dicuntur,

325 2349 365 2383 et
385 2348 623 2392 quaedam
643 2348 693 2383 de
710 2348 952 2383 differentiis
966 2349 1230 2392 quaeruntur,
1253 2357 1359 2392 quae
1381 2348 1505 2383 rebus
1521 2349 1678 2383 tantum
1693 2348 1859 2392 proprie
1881 2347 1984 2383 assi-

324 2414 510 2457 gnantur.
539 2412 643 2448 sicut
668 2412 763 2448 illud
792 2413 899 2457 quod
927 2415 1022 2448 sunt
1043 2413 1260 2457 qualitates
1289 2413 1353 2448 vel
1379 2412 1549 2453 formae,
1577 2412 1686 2457 quod
1707 2412 1981 2448 advenientes

325 2476 478 2511 faciunt
504 2476 630 2517 aliud;
659 2486 681 2520 q
697 2476 900 2511 uaedam
922 2486 1021 2512 vero
1049 2476 1214 2521 proprie
1236 2476 1407 2512 vocibus
1433 2478 1636 2521 aptantur,
1665 2476 1769 2512 sicut
1795 2477 1860 2512 est
1885 2475 1984 2512 illud

326 2541 433 2585 quod
463 2541 513 2576 de
541 2541 722 2585 pluribus
744 2541 1045 2585 praedicantur,
1068 2541 1176 2585 quod
1199 2541 1426 2576 divisiones
1448 2541 1514 2576 vel
1537 2541 1799 2576 definitiones
1821 2549 1983 2585 compo·
2003 2548 2038 2574 35

326 2608 436 2641 nunt.
487 2605 529 2640 In
558 2606 704 2650 quibus
731 2606 894 2650 quidem
923 2606 1224 2651 distinguendis
1253 2616 1401 2650 magna
1429 2606 1551 2641 debet
1584 2615 1679 2641 esse
1706 2605 1873 2641 lectoris
1900 2605 1985 2641 dili-

326 2669 475 2714 gentia.
504 2679 610 2713 quae
638 2669 795 2705 scilicet
822 2670 872 2705 dc
900 2670 1048 2705 rebus
1082 2670 1259 2714 proprie,
1296 2680 1402 2714 quae
1439 2670 1489 2705 de
1526 2669 1732 2705 vocibus
1769 2669 1849 2704 sint
1881 2668 1984 2704 acci-

327 2733 487 2777 pienda.
541 2733 644 2768 Illae
672 2743 766 2768 vero
794 2743 902 2777 quae
928 2734 1156 2769 secundum
1186 2733 1392 2774 accidens,
1430 2733 1508 2768 hoc
1542 2734 1605 2768 est
1631 2733 1833 2768 vocabula
1858 2733 1984 2777 impo-

326 2798 403 2833 sita
438 2798 662 2833 secundum
701 2807 773 2833 eas
809 2807 914 2843 quae
953 2798 1232 2834 accidentales
1273 2800 1376 2838 sunt,
1418 2807 1498 2833 non
1533 2797 1572 2833 in
1613 2797 1852 2834 definitione
1892 2797 1984 2833 sub-

470 2914 509 2945 17
538 2911 714 2960 membra]
748 2914 812 2945 insi
840 2914 869 2945 A
993 2914 1035 2945 20
1063 2913 1290 2945 substantiae
1318 2912 1451 2944 addidi
1485 2922 1551 2944 sec.
1583 2913 1707 2944 Boeth.
1829 2913 1872 2944 23
1894 2913 1984 2952 post

326 2984 409 3015 sunt
445 2983 531 3015 aad.
559 2983 585 3015 A
616 2963 662 3024 δὲ
779 2984 821 3015 25
849 2984 895 3015 aa
923 2984 979 3015 cui
1005 2984 1033 3015 A
1135 2984 1242 3015 37-38
1270 2983 1387 3023 accipi
1413 2983 1441 3015 A

470 3052 479 3073 ¹
508 3054 666 3092 Boeth.,
695 3054 770 3085 Lib.
800 3054 843 3085 (le
869 3054 940 3086 (liv.
970 3054 1024 3086 PL
1051 3054 1104 3092 64,
1134 3063 1166 3094 p.
1196 3054 1315 3085 87713.

465 3112 478 3132 ”-’
506 3112 664 3149 Raetii,
694 3113 714 3144 I.
743 3122 781 3149 (κ,
812 3121 843 3152 p.
873 3113 992 3144 88113.
