2200 3387
183 2110 188 2116 .
219 2086 285 2116 261)

307 227 371 261 184
718 228 823 259 Peter
849 227 1052 259 Abaelards
1079 227 1215 267 Logica
1242 224 1568 266 ,Ingredientibus‘.

306 335 401 360 esse
430 325 618 360 dicuntur
639 324 678 358 in
698 323 868 367 singulis
891 323 1144 366 corporibus.
1167 331 1273 366 quae
1297 331 1425 356 sensu
1445 321 1707 366 percipimus,
1736 320 1967 365 quaestio

306 393 396 425 est.
425 389 601 432 qualiter
627 397 777 432 corpus
805 387 1044 423 continuum
1072 396 1167 422 esse
1195 386 1444 430 permittant.
1477 387 1521 421 ut
1548 387 1642 421 sunt
1679 395 1730 421 ea
1764 385 1968 421 foramina

307 463 380 498 per
406 462 512 497 quae
541 452 666 488 sudor
699 461 753 488 ex
790 451 955 487 homine
992 451 1188 496 procedit.
1241 450 1322 486 Sed
1359 449 1546 494 profecto
1587 459 1670 485 non
1703 449 1854 494 ubique
1893 458 1968 494 per

306 527 456 562 corpus
484 518 705 552 occurrunt
731 516 830 561 pori.
883 515 965 551 Sed
992 517 1056 551 est
1082 516 1197 551 tanta
1223 514 1331 550 inter
1358 524 1502 559 porum
1531 516 1571 550 et
1598 523 1741 559 porum
1762 513 1969 554 distantia,

307 585 347 617 ut
374 583 499 617 multa
526 581 688 626 possint
715 581 920 616 interesse
949 589 1125 624 corpora
1161 579 1445 623 quantitativa‚
1482 588 1589 623 quae
1623 579 1737 614 recte
1774 577 1970 614 continua
1989 585 2004 610 5

307 647 386 682 dici
411 647 583 691 possint,
612 646 687 682 etsi
715 648 842 681 totum
870 654 1020 689 corpus
1049 644 1270 680 humanum
1299 652 1382 679 non
1403 643 1454 678 sit
1475 643 1724 679 continuum.
1774 642 1970 678 Fortasse

307 714 444 747 autem
472 711 622 746 multae
651 712 745 745 sunt
772 712 945 745 naturae
979 718 1210 753 corporum,
1247 708 1287 743 in
1315 708 1462 752 quibus
1491 707 1623 743 nullus
1652 707 1818 743 omnino
1845 715 1971 751 porus

308 778 382 812 est.
409 777 451 811 ut
487 776 566 817 gin>
603 784 703 810 auro
741 774 961 819 purissimo
999 776 1039 809 et
1073 773 1113 808 in
1153 782 1359 809 marmore
1394 781 1500 817 quae
1534 772 1654 807 valde
1694 771 1827 807 solida
1866 772 1970 807 sunt.

307 840 367 876 De
395 849 600 876 marmore
628 842 765 875 tamen
793 841 833 875 et
861 848 970 883 aqua
994 838 1157 874 videtur
1183 837 1311 879 exire,
1340 847 1392 873 ex
1420 846 1501 882 qua
1529 846 1657 881 saepe
1684 836 1893 872 humidum
1914 835 1970 871 fit.

309 905 390 941 Sed
417 905 548 950 magis
574 903 797 940 verisimile
826 905 889 939 est
917 912 970 939 ex
996 904 1168 939 humore
1190 902 1299 938 aeris
1321 902 1541 938 exterioris
1563 911 1742 937 marmor
1762 900 1971 936 humidum
1992 902 2025 927 10

309 978 414 1005 esse.
436 978 527 1004 cum
543 970 728 1013 tempore
750 967 917 1012 pluviali
936 976 1016 1012 quo
1039 967 1112 1002 aer
1126 966 1339 1005 humescit,
1361 965 1506 1001 humor
1529 965 1618 1001 eius
1639 973 1740 1010 prae
1762 963 1971 1000 soliditate

309 1032 526 1068 marmoris
554 1032 684 1076 ipsum
712 1032 935 1076 penetrare
962 1040 1045 1066 non
1072 1032 1220 1075 potest.

447 1097 579 1132 Nunc
607 1098 769 1132 autem
795 1096 993 1132 literam
1019 1095 1328 1131 insistamus.
1379 1094 1582 1130 Numerus
1614 1096 1654 1129 et
1682 1093 1826 1133 oratio,
1856 1101 1973 1138 prae-

309 1162 442 1197 dictae
471 1162 627 1198 scilicet
649 1161 912 1206 quantitates,
941 1162 1035 1196 sunt
1056 1160 1273 1200 discretae,
1296 1159 1406 1194 linea
1427 1160 1467 1194 et
1487 1160 1712 1203 sequentes
1733 1159 1827 1194 sunt
1847 1157 1974 1193 conti-

309 1236 428 1262 nuae.
479 1227 549 1262 Est
585 1227 738 1262 em'm1.
790 1225 898 1261 Vere
934 1225 1047 1260 linea
1082 1226 1147 1260 est
1182 1224 1389 1265 continua,
1424 1224 1520 1268 quia
1554 1223 1680 1259 habet
1714 1224 1868 1268 partes,
1904 1231 1974 1258 ex·
1995 1228 2027 1253 15

310 1294 464 1327 tremas
493 1291 651 1327 scilicet
678 1291 729 1326 ad
754 1299 1015 1326 communem
1046 1289 1266 1325 terminum
1293 1289 1521 1333 copulatas.
1572 1288 1607 1323 A
1633 1289 1750 1332 parte
1779 1286 1973 1328 continui,

310 1357 537 1392 secundum
569 1356 648 1391 hoc
681 1355 839 1391 scilicet
866 1355 975 1399 quod
1011 1364 1095 1390 non
1133 1354 1266 1389 omnis
1304 1353 1501 1389 continua
1537 1352 1717 1388 medium
1754 1351 1976 1392 terminum

310 1422 444 1457 habet.
472 1423 515 1456 ut
542 1420 788 1465 bipunctalis
816 1420 936 1455 linea.
989 1419 1065 1455 'Vel
1093 1419 1217 1455 etiam
1244 1428 1268 1454 a
1301 1418 1391 1463 pari
1426 1417 1579 1462 poterit
1614 1427 1711 1453 esse
1747 1416 1975 1452 secundum

311 1495 384 1521 eos
412 1486 480 1530 qui
506 1486 741 1521 continuum
769 1486 847 1520 hoc
875 1485 966 1520 loco
1000 1494 1082 1520 non
1120 1483 1338 1528 accipiunt,
1375 1483 1455 1518 nisi
1491 1482 1600 1527 quod
1635 1481 1814 1517 medium
1849 1481 1976 1517 habet

311 1551 539 1586 terminum.
591 1550 657 1586 Sic
676 1551 785 1596 lege:
813 1550 883 1585 Est
908 1559 1085 1591 sumere,
1112 1549 1152 1584 id
1173 1550 1238 1584 est
1259 1547 1458 1593 contingit
1478 1557 1555 1583 nos
1579 1547 1846 1592 intelligendo
1871 1545 1976 1582 acci·
1994 1552 2029 1577 20

311 1626 411 1661 pere
451 1618 526 1652 etc.
588 1615 636 1651 Et
675 1618 738 1651 est
777 1624 942 1651 sumere
980 1615 1132 1650 lineam
1173 1622 1433 1649 communem
1469 1612 1687 1648 terminum
1728 1610 1973 1656 superficiei.

311 1682 437 1717 Plani
476 1691 672 1726 namque.
736 1681 844 1716 Vere
889 1682 1029 1725 partes
1069 1678 1307 1724 superficiei
1345 1678 1590 1722 copulantur
1627 1677 1680 1712 ad
1716 1684 1977 1712 communem

312 1747 540 1782 terminum.
569 1746 664 1791 quia
690 1748 831 1791 partes
858 1746 1009 1790 planae
1039 1744 1291 1789 quantitatis.
1343 1743 1378 1778 A
1398 1743 1498 1787 pari.
1550 1742 1660 1778 Idem
1683 1741 1791 1777 enim
1814 1742 1878 1777 est
1898 1741 1976 1777 hoc

311 1812 402 1847 loco
430 1811 597 1856 planum
621 1811 730 1856 quod
759 1810 1014 1855 superficies,
1049 1809 1145 1854 quia
1171 1809 1337 1854 proprie
1370 1808 1581 1853 planitiem
1615 1807 1704 1843 sola
1731 1805 1976 1851 superficies

312 1877 437 1913 habet
476 1877 581 1912 sicut
621 1878 661 1912 et
699 1876 965 1912 latitudinem.
1016 1874 1227 1910 Similiter
1252 1875 1406 1909 autem.
1459 1872 1648 1908 Ostendit
1687 1871 1811 1907 etiam
1851 1870 1978 1907 conti-
1996 1878 2030 1903 25

313 1942 552 1977 nuationem
579 1941 765 1986 corporis
794 1940 1054 1985 quantitativi
1081 1949 1156 1984 per
1179 1937 1454 1983 superficiem,
1483 1946 1589 1982 quae
1617 1936 1719 1972 alias
1744 1935 1976 1972 exteriores

313 2007 487 2051 copulat.
538 2006 608 2041 Est
635 2008 777 2041 autem
806 2005 963 2041 talium
978 2007 1003 2040 2.
1054 2004 1128 2039 Hic
1156 2012 1320 2048 quoque
1349 2002 1511 2038 divisim
1539 2012 1564 2037 a
1591 2001 1742 2037 ceteris
1770 2000 1977 2036 continuis

313 2071 428 2116 ponit
466 2073 628 2116 tempus
652 2072 656 2115 1
681 2072 721 2106 et
765 2071 900 2106 locum
944 2072 1115 2114 propter
1155 2078 1228 2104 eas
1267 2068 1448 2104 fortasse
1489 2076 1640 2102 causas
1669 2075 1772 2110 quas
1800 2067 1979 2110 supra3

313 2137 578 2172 reddidimus.

434 2189 569 2236 'Nunc
601 2201 776 2245 primum
804 2200 853 2235 de
880 2201 1092 2244 tempore
1120 2198 1326 2244 agendum
1351 2199 1451 2233 est4.
1502 2196 1681 2241 Tempus
1722 2196 1860 2231 autem
1898 2195 1977 2231 hoc
1997 2200 2032 2225 30

313 2267 404 2302 loco
445 2265 650 2310 quaedam
689 2265 897 2310 quantitas
938 2264 1179 2309 appellatur,
1226 2262 1452 2298 secundum
1493 2260 1822 2306 permanentiam
1862 2259 1978 2295 cuius

314 2341 448 2367 rerum
479 2339 831 2375 quarumcumque
859 2329 1092 2365 dimetimur
1124 2327 1400 2368 existentiam,
1439 2336 1531 2362 cum
1566 2327 1846 2361 monstramus
1883 2332 1994 2372 esse·

316 2396 478 2440 aliquid,
502 2395 631 2431 fuisse
658 2395 724 2430 vel
750 2394 839 2430 fore
861 2396 1048 2439 tempore
1070 2393 1207 2438 aliquo
1234 2392 1451 2433 existente,
1482 2392 1525 2426 ut
1551 2400 1626 2435 per
1645 2399 1799 2426 annum
1820 2389 1978 2425 vixisse

315 2461 382 2496 vel
408 2470 482 2505 per
509 2469 658 2496 annum
688 2459 895 2495 hominem
922 2458 1049 2494 fuisse
1077 2458 1143 2494 vel
1177 2458 1325 2493 album.
1376 2456 1556 2500 Tempus
1593 2456 1731 2490 autem
1768 2454 1879 2490 aliud
1916 2455 1980 2490 est

316 2525 650 2561 indivisibile.
687 2526 729 2559 ut
756 2524 834 2559 hoc
861 2532 1064 2568 praesens
1092 2523 1356 2562 momentum,
1385 2521 1495 2565 quod
1520 2520 1682 2556 instans
1709 2519 1977 2564 appellamus,
1999 2524 2033 2549 35

318 2591 427 2625 aliud
447 2589 790 2634 compositum,
812 2588 941 2624 veluti
961 2588 1075 2628 hora,
1097 2587 1198 2627 dies,
1219 2586 1492 2627 hebdomada,
1515 2584 1680 2625 mensis,
1703 2593 1848 2625 annus,
1870 2593 1978 2628 quae

318 2663 370 2689 ex
398 2653 575 2689 diversis
595 2653 843 2688 instantibus
864 2654 949 2688 tam
971 2651 1208 2696 praeteritis
1231 2659 1354 2695 quam
1375 2649 1667 2695 praesentibus
1690 2657 1812 2692 quam
1832 2647 1979 2683 futuris

317 2718 394 2754 sibi
418 2718 595 2754 invicem
630 2717 949 2753 succedentibus
977 2716 1243 2752 attenduntur
1280 2714 1521 2759 composita.
1572 2713 1643 2749 Est
1678 2713 1817 2748 autem
1853 2721 1980 2747 com-

317 2783 475 2819 munis
513 2782 767 2818 sententia
804 2781 988 2827 singulas
1025 2780 1280 2816 substantias
1315 2780 1470 2815 habere
1502 2779 1545 2813 in
1580 2787 1624 2813 se
1664 2786 1741 2813 sua
1778 2778 1978 2821 tempora,

319 2848 465 2893 quibus
492 2848 794 2887 mensurantur,
828 2848 870 2882 ut
896 2846 937 2881 in
964 2855 1029 2881 me
1055 2845 1146 2890 ipso
1174 2854 1310 2880 meum
1338 2845 1402 2879 est
1426 2844 1599 2883 instans,
1636 2851 1716 2887 quo
1749 2849 1978 2882 mensuror‚
1998 2846 2034 2872 40

462 2970 503 3001 10
532 2978 579 3001 ex
607 2969 713 3001 terris
739 2966 771 3001 A
895 2968 938 3000 36
967 2967 1146 2999 edomada
1173 2966 1201 2998 A

461 3039 473 3061 ¹
500 3040 662 3077 Boeth.,
690 3039 735 3071 In
763 3039 886 3078 Catey.
915 3038 936 3070 l.
966 3047 1004 3075 6.,
1032 3047 1066 3078 p.
1095 3038 1161 3069 204
1177 3037 1215 3068 Β.
1313 3035 1328 3057 2
1353 3035 1503 3068 Boeth.
1531 3035 1552 3066 l.
1581 3043 1620 3071 0.,
1647 3043 1682 3074 p.
1711 3033 1825 3066 2053.

461 3097 475 3119 3
503 3098 553 3130 Cr.
582 3106 713 3138 supra,
742 3107 774 3137 p,
803 3097 900 3129 1774.
1046 3096 1059 3117 4
1086 3095 1240 3127 Abael.
1272 3095 1293 3126 l.
1321 3104 1360 3131 ca,
1389 3104 1423 3134 p.
1454 3094 1531 3125 184.
