2200 3387
148 2709 285 2744 Boeth.

130 2767 164 2800 p.
176 2758 243 2791 115
259 2756 284 2791 c

314 239 378 274 132
710 241 814 272 Peter
842 240 1044 272 Abaolards
1072 240 1207 281 Logica
1235 237 1559 280 ,lugi-edientibus‘.

311 348 400 373 cum
431 338 621 373 videlicet
650 347 741 373 eam
771 337 820 373 de
849 336 1188 372 substantialibus
1215 337 1372 371 tantum
1398 334 1582 375 vocibus,
1609 344 1692 370 non
1720 334 1770 370 de
1799 335 1972 379 sumptis

311 403 399 438 fieri
427 403 663 438 dixerimus.
717 401 796 437 Sed
812 391 933 445 'quod
956 401 1011 437 ait
1033 401 1223 438 ,omniurn
1246 403 1506 439 sermonum‘,
1525 399 1607 434 tale
1629 400 1709 434 est:
1737 408 1973 435 sermonum

311 467 530 511 negativae
553 466 880 511 significationis.
908 468 990 501 tam
1013 475 1154 501 eorum
1177 464 1334 500 scilicet
1355 463 1423 508 qui
1444 463 1680 508 significant
1699 463 1973 499 substantiam

311 542 431 576 quam
469 541 609 567 eorum
651 531 718 576 qui
757 530 993 575 significant
1028 529 1298 574 quantitatem
1338 528 1402 564 vel
1442 537 1510 564 res
1548 528 1720 564 aliorum
1762 527 1974 572 praedica-

311 600 553 632 mentorum.
1994 598 2010 623 5

453 660 799 700 Quaerendum
828 660 978 696 autem.
1006 660 1141 694 utrum
1168 658 1207 693 in
1236 658 1313 693 hac
1335 656 1539 692 divisione
1561 655 1815 700 quadrifaria
1834 656 1973 692 omnia

311 724 598 760 substantialia
626 723 829 759 vocabula
857 722 1128 758 includantur.
1181 720 1298 761 Quod
1332 730 1415 756 non
1448 720 1611 756 videtur
1636 729 1792 759 verum,
1820 719 1972 764 quippe

311 799 396 825 ens.
425 789 533 834 quod
561 789 599 824 in
629 788 814 825 essentia
841 789 989 823 cuncta
1015 786 1223 832 significat
1257 787 1297 822 et
1330 785 1380 821 de
1416 785 1494 820 hoc
1531 786 1625 820 ente
1662 784 1704 820 in
1741 783 1975 820 substantia

311 854 582 899 praedicatur.
610 863 744 897 neque
773 853 813 888 in
841 852 1028 888 subiecto
1057 860 1148 887 esse
1177 860 1312 895 neque
1340 859 1422 886 non
1458 858 1554 886 esse
1588 849 1817 885 secundum
1852 848 1974 894 signi·
2032 838 2034 840 ¹

310 919 546 954 ficationem
573 927 689 954 suam
718 917 889 955 videtur.
917 926 1007 953 cum
1036 916 1191 952 scilicet
1218 915 1366 960 partim
1394 924 1445 950 ea
1464 923 1571 959 quae
1593 913 1633 949 in
1656 913 1842 949 subiecto
1865 913 1971 954 sunt,
1995 919 2027 944 10

311 984 531 1020 contineat.
567 983 712 1028 partim
754 992 803 1019 ea
843 991 949 1026 quae
989 982 1029 1017 in
1069 981 1254 1017 subiecto
1288 989 1370 1016 non
1410 980 1514 1015 sunt.
1567 977 1761 1014 Similiter
1797 977 1976 1022 qualitas

312 1047 512 1091 quasdam
548 1047 703 1082 formas
741 1045 1020 1082 accidentales
1058 1044 1252 1081 continet,
1289 1043 1492 1088 quasdam
1527 1041 1833 1082 substantiales,
1869 1049 1976 1085 quae

312 1112 351 1147 in
378 1112 562 1147 subiecto
591 1121 673 1146 non
701 1112 805 1146 sunt.
856 1110 916 1145 Ac
947 1109 1127 1145 fortasse
1161 1108 1258 1144 nihil
1298 1107 1477 1152 impedit,
1517 1106 1552 1142 si
1585 1115 1668 1142 non
1706 1105 1845 1141 omnia
1885 1105 1977 1141 sub-

312 1177 522 1213 stantialia
549 1177 652 1211 haec
680 1175 827 1211 divisio
861 1174 1052 1210 includat.
1105 1173 1146 1209 Si
1187 1173 1277 1217 quis
1317 1173 1441 1208 etiam
1480 1172 1584 1207 haec
1622 1171 1790 1206 nomina
1829 1170 1896 1206 vel
1935 1169 1976 1206 in

311 1240 496 1276 subiecto
530 1249 626 1275 esse
660 1239 766 1279 dicit,
803 1238 899 1283 quia
935 1237 1092 1273 scilicet
1127 1236 1362 1281 significant
1397 1235 1639 1275 accidentia,
1676 1235 1772 1270 licet
1806 1243 1890 1270 non
1927 1242 1978 1269 ea
1999 1237 2032 1262 1⁵

311 1308 467 1341 tantum
496 1304 740 1349 significent,
767 1303 833 1339 vel
861 1302 997 1347 potius
1024 1311 1107 1337 non
1136 1311 1231 1337 esse
1258 1301 1300 1336 in
1328 1300 1514 1336 subiecto
1552 1309 1626 1344 pro
1661 1309 1711 1335 eo
1750 1298 1860 1344 quod
1893 1307 1977 1334 non

312 1371 401 1406 sola
427 1369 659 1406 accidentia
692 1368 936 1414 significent,
974 1367 1071 1402 nihil
1106 1366 1284 1402 fortasse
1321 1365 1502 1410 impedit.
1553 1364 1651 1400 Illud
1686 1364 1858 1408 insuper
1893 1362 1978 1398 dili-

313 1437 460 1481 genter
486 1434 718 1470 considera.
739 1433 847 1478 quod
870 1432 926 1468 ait
945 1431 1212 1468 Boethiusl
1236 1430 1317 1466 dici
1337 1430 1387 1466 de
1409 1429 1596 1466 subiecto
1617 1429 1728 1465 idem
1749 1437 1845 1464 esse
1867 1427 1977 1472 quod

312 1499 560 1537 universale.
589 1508 671 1534 non
700 1498 777 1534 dici
806 1498 915 1542 quod
942 1497 1204 1542 particulare,
1232 1497 1272 1532 et
1298 1505 1439 1531 rursus
1467 1503 1563 1530 esse
1590 1494 1631 1529 in
1657 1493 1843 1529 subiecto
1869 1492 1980 1528 idem

313 1574 408 1602 esse
437 1565 544 1609 quod
573 1564 778 1604 accidens,
807 1573 889 1598 non
917 1572 1013 1598 esse
1040 1562 1148 1597 idem
1177 1570 1272 1597 esse
1301 1560 1410 1605 quod
1444 1559 1483 1595 in
1518 1558 1761 1599 substantia,
1789 1566 1867 1594 nec
1893 1556 1978 1602 qui-
1997 1563 2032 1588 20

313 1631 405 1666 dem
443 1638 689 1674 quemquam
724 1637 893 1664 movere
932 1628 1081 1672 potest,
1122 1626 1157 1662 si
1196 1626 1283 1670 ipse
1324 1625 1443 1660 aliter
1482 1624 1607 1660 utitur
1644 1623 1817 1659 vocibus
1857 1631 1979 1667 quam

313 1695 631 1731 Aristoteles.
668 1693 827 1738 Quippe
850 1692 1158 1728 Aristoteles
1179 1691 1220 1726 in
1242 1690 1483 1726 definitione
1506 1688 1768 1729 universalis,
1790 1696 1913 1733 quam
1939 1686 1981 1722 in

312 1760 421 1796 Peri
449 1759 686 1795 ermeniis
701 1762 715 1783 ·-’
734 1758 858 1803 ponit,
881 1766 987 1802 quae
1012 1759 1094 1793 est:
1124 1758 1274 1801 ‚aptum
1295 1756 1438 1791 natum
1458 1753 1691 1800 praedicari
1707 1754 1757 1789 de
1772 1752 1980 1798 pluribus‘‚

313 1825 548 1861 consentire
576 1824 749 1863 videtur,
783 1824 826 1859 ut
853 1823 990 1859 album
1025 1830 1202 1867 quoque,
1240 1819 1349 1865 quod
1384 1821 1588 1864 sumptum
1626 1819 1700 1860 est,
1739 1817 1979 1854 universale

314 1890 376 1926 sit.
414 1889 522 1934 quod
560 1891 698 1924 tamen
732 1888 821 1933 ipse
861 1887 901 1922 in
940 1887 1161 1922 tractatu
1201 1883 1548 1920 substantiae³
1587 1883 1637 1919 de
1677 1882 1863 1918 subiecto
1901 1880 1981 1917 dici
1999 1892 2033 1917 25

325 1963 406 1989 non
445 1952 645 1989 concedit.
698 1951 775 1991 Qui
814 1951 937 1986 etiam
975 1948 1271 1985 substantiales
1308 1947 1564 1983 differentias
1601 1947 1642 1982 in
1675 1945 1862 1982 subiecto
1896 1954 1980 1981 non

315 2027 408 2054 esse
436 2018 582 2054 dicet⁴.
611 2026 714 2061 quas
742 2018 881 2052 tamen
909 2014 1161 2050 substantias
1189 2023 1284 2049 esse
1323 2012 1512 2057 denegat.
1564 2011 1611 2047 Et
1643 2011 1825 2046 fortasse
1857 2009 1979 2045 Boe-

314 2082 450 2117 thius
478 2081 609 2126 magis
636 2081 676 2116 in
705 2080 782 2115 hoc
810 2088 974 2124 quoque
996 2078 1233 2123 opinionem
1255 2078 1420 2112 secutus
1441 2077 1506 2112 est
1525 2084 1648 2120 quam
1667 2075 1729 2110 rei
1748 2073 1978 2113 veritatem,

314 2145 418 2181 sicut
445 2146 485 2181 et
510 2145 550 2180 in
580 2148 637 2180 'eo
672 2144 781 2188 quod
815 2143 906 2183 ait-³,
947 2142 1056 2186 quod
1095 2141 1288 2186 quoniam
1327 2139 1738 2185 generalissimorum
1777 2145 1979 2183 generum

314 2210 577 2246 definitiones
604 2218 685 2244 non
714 2209 876 2253 poterat
902 2206 1102 2247 invenire,
1130 2205 1475 2250 descriptionibus
1503 2213 1603 2240 usus
1632 2204 1703 2243 est,
1732 2203 1773 2238 id
1794 2203 1858 2238 est
1885 2201 1979 2237 sub-
1998 2215 2033 2239 30

314 2275 508 2311 stantiam
535 2283 628 2309 esse
657 2273 810 2311 dicens,
839 2272 948 2317 quod
976 2271 1016 2307 in
1050 2271 1237 2307 subiecto
1271 2279 1353 2305 non
1390 2270 1464 2310 est,
1502 2268 1697 2305 accidens
1734 2276 1835 2303 vero
1868 2266 1978 2311 quod

314 2341 353 2375 in
381 2339 567 2375 subiecto
596 2340 670 2376 est.
699 2347 790 2373 cum
817 2339 956 2373 tamen
991 2338 1147 2372 certum
1182 2335 1234 2371 sit
1270 2334 1465 2370 accidens
1501 2332 1861 2379 generalissimum
1896 2340 1980 2367 non

321 2413 415 2439 esse
443 2413 521 2438 nec
557 2401 843 2438 substantiam.
873 2409 1025 2436 nomen
1051 2409 1211 2439 vocum,
1247 2399 1288 2434 in
1325 2398 1434 2443 quod
1472 2397 1645 2434 resolvit
1680 2405 1764 2432 non
1805 2404 1901 2431 esse
1938 2394 1981 2430 in

314 2468 512 2507 subiecto,
539 2466 898 2511 generalissimum
920 2474 1015 2501 esse
1042 2473 1178 2509 posse.
1231 2463 1336 2503 Quid
1364 2472 1462 2508 ergo
1490 2462 1647 2502 mirum,
1675 2461 1710 2497 si
1735 2460 1845 2496 idem
1873 2459 1979 2495 acci-

315 2533 399 2577 piat
425 2533 503 2568 hoc
530 2533 620 2567 loco
648 2530 887 2566 Boethius
915 2539 989 2575 per
1015 2530 1093 2565 hoc
1119 2537 1272 2564 nomen
1301 2527 1567 2568 ‚substantia‘‚
1600 2525 1758 2571 <quod>
1784 2524 1980 2561 Aristo·
1999 2537 2036 2561 35

317 2597 445 2633 teles
466 2606 540 2641 per
561 2606 654 2632 ,non
677 2605 772 2631 esse
794 2595 834 2630 in
862 2594 1058 2630 subiecto‘
1088 2595 1128 2629 et
1146 2602 1221 2638 per
1243 2592 1514 2632 universale,
1537 2591 1646 2636 quod
1667 2589 1981 2628 Aristoteles

322 2670 398 2705 per
426 2659 551 2705 .[non]
580 2659 658 2695 dici
686 2659 736 2694 de
765 2657 996 2694 subiecto‘?

455 2724 636 2766 Quando
664 2723 859 2758 alterum.
911 2721 1023 2757 Sicut
1050 2720 1300 2765 superius,
1329 2729 1420 2755 cum
1443 2719 1494 2755 de
1514 2718 1577 2754 his
1598 2727 1704 2763 quae
1728 2717 1770 2753 in
1790 2716 1976 2752 subiecto

459 2828 501 2859 36
532 2826 642 2867 quod]
671 2827 756 2867 quid
782 2826 810 2858 A
968 2826 1010 2856 37
1039 2824 1192 2860 Quando
1219 2823 1358 2860 Boeth„
1395 2823 1436 2855 in
1462 2819 1494 2854 A
1526 2822 1657 2862 prima
1689 2821 1800 2853 litera
1834 2819 1978 2852 excidit.

318 2899 505 2931 secunda:
531 2887 588 2936 ΞΑ·
615 2899 656 2929 er.
687 2898 788 2929 infra
812 2906 851 2937 p.
880 2897 945 2928 133
968 2896 1069 2927 υ.18.

461 2962 648 2993 ¹Boeth.
679 2961 700 2993 I.
729 2970 766 2998 c.,
796 2970 829 3001 p.
860 2961 921 2992 171
941 2959 977 2991 C.

459 3021 473 3041 ·-’
500 3020 661 3058 Bocth.,
690 3019 733 3051 In
762 3019 844 3051 libr.
871 3019 984 3050 Arist.
1017 3013 1109 3059 Περὶ
1137 3017 1228 3059 ἑρμ.,
1258 3016 1312 3048 ed.
1341 3015 1507 3047 Meiser
1532 3016 1555 3046 t.
1583 3014 1620 3052 ΙΙ,
1649 3023 1683 3054 p.
1714 3012 1831 3045 13523.

499 3079 662 3116 Boeth.‚
690 3078 735 3110 In
763 3077 885 3116 Catey.
915 3077 935 3109 l.
965 3086 1003 3114 cn,
1032 3085 1066 3116 p.
1095 3075 1160 3107 184
1177 3075 1214 3113 C,
1244 3075 1358 3106 1853.

460 3138 471 3157 ⁴
500 3138 648 3169 Boeth.
678 3137 699 3169 l.
728 3146 766 3174 e„
795 3145 828 3176 p.
859 3137 920 3168 191
941 3136 977 3167 C.
1121 3134 1136 3154 ⁵
1162 3134 1311 3166 Boeth.
1341 3133 1361 3165 l.
1391 3142 1429 3170 c„
1458 3141 1492 3173 p.
1522 3132 1587 3164 170
1602 3132 1641 3163 D.
