2200 3387
417 236 448 272 2.
476 237 542 271 Die
569 235 726 271 Glossen
754 246 798 271 zu
826 236 896 270 den
923 236 1159 279 Kategorien.
1192 255 1231 259 —
1261 235 1313 269 Dc
1341 236 1438 277 quali
1467 238 1502 269 et
1530 236 1717 277 qualitate.
1847 232 1908 268 241

237 330 500 373 afficiuntur,
528 330 566 367 id
603 332 667 366 est
697 329 957 376 applicantur
983 328 1035 364 ad
1063 328 1280 364 habendas
1316 328 1525 368 scientias,
1562 328 1601 364 in
1630 337 1711 373 quo
1750 329 1917 364 notatur

237 395 523 438 <differentia>
551 405 576 432 a
597 395 792 441 potentiis
815 404 922 440 quae
945 394 1188 430 naturaliter
1210 393 1358 432 insunt.
1382 403 1461 428 non
1486 403 1560 438 per
1581 393 1915 438 applicationem.

239 461 488 502 Aliquando
515 463 671 497 autem.
724 460 945 505 Postquam
975 458 1157 496 ostendit
1193 458 1575 494 denominationem
1614 458 1796 495 delicere
1835 468 1917 495 una

239 527 290 563 de
317 535 455 567 causa,
484 527 581 572 quia
608 526 767 562 scilicet
794 525 963 561 nomina
989 525 1140 560 desunt
1162 524 1438 569 qualitatibus,
1461 524 1643 559 ostendit
1664 524 1799 564 aliam,
1822 524 1917 568 quia

202 601 218 626 ⁵
239 591 433 628 videlicet
460 591 660 636 contingit
686 591 922 636 aliquando,
950 590 1060 635 quod
1088 589 1211 626 etiam
1241 589 1376 634 posito
1398 589 1565 625 nomine
1588 589 1798 634 qualitatis
1821 589 1916 625 illud

239 657 348 703 quod
376 657 605 693 secundum
634 657 856 702 qualitates
885 655 1043 694 dicitur.
1080 655 1202 701 quale
1230 664 1313 691 non
1342 655 1490 690 dicitur
1517 654 1838 695 denominative,
1876 657 1919 690 ut

239 723 452 759 studiosus
480 723 548 768 qui
576 724 746 768 propter
773 722 967 758 virtutem
996 721 1144 757 dicitur
1171 720 1481 757 denominative
1510 730 1534 756 a
1562 720 1723 756 virtute.
1784 720 1918 756 Virtu-

239 790 321 825 tem
349 789 476 825 enim.
529 787 634 829 Quia
670 787 880 824 studiosus
918 796 1000 823 non
1031 786 1251 822 videbatur
1287 786 1367 822 dici
1403 787 1573 831 propter
1599 785 1805 825 virtutem,
1843 785 1918 821 sed

238 856 410 900 propter
436 853 627 894 studium,
655 852 921 890 commendat
949 852 1184 897 exemplum
1214 852 1352 888 datum
1381 851 1431 887 de
1460 860 1510 887 eo
1545 851 1655 896 quod
1689 851 1917 887 secundum

187 927 219 953 10
240 919 478 965 qualitatem
508 919 656 955 dicitur
689 921 729 955 et
765 927 848 954 non
887 917 1210 954 denominative.
1262 916 1310 953 Et
1347 917 1530 953 ostendit
1567 916 1646 953 dici
1686 916 1917 953 studiosum

239 986 411 1030 propter
449 983 644 1020 virtutem
684 993 808 1029 quam
846 983 982 1024 habet,
1024 983 1099 1019 sed
1139 992 1222 1019 non
1259 982 1581 1019 denominative.
1633 982 1727 1018 Non
1761 984 1917 1018 (tutem.

241 1049 433 1086 Ostendit
459 1049 537 1086 hoc
565 1049 795 1086 secundum
817 1048 1025 1085 deiectum
1048 1048 1399 1085 denominationis
1421 1057 1516 1084 raro
1538 1048 1795 1094 contingere,
1823 1048 1920 1093 quia

240 1115 400 1152 scilicet
427 1115 497 1151 vix
526 1124 750 1160 numquam
778 1114 990 1161 contingit,
1027 1116 1070 1150 ut
1104 1123 1229 1150 unum
1257 1114 1486 1150 subiectum
1516 1116 1556 1150 et
1583 1114 1823 1159 qualitatem
1851 1113 1919 1149 ha-

240 1181 367 1217 beant
393 1181 563 1217 nomina
589 1190 668 1217 nec
695 1190 821 1217 unum
848 1189 901 1216 ex
923 1181 1054 1216 altero
1077 1179 1379 1216 denominetur.
1433 1179 1550 1223 Quae
1570 1189 1681 1224 erqo.
1733 1179 1919 1224 Amplius

188 1254 220 1280 15
241 1256 295 1283 ex
323 1246 526 1292 exemplis
555 1246 830 1292 suprapositis
857 1245 980 1282 infert
1008 1245 1084 1282 sic:
1122 1245 1468 1291 Quandoquidem
1502 1245 1621 1282 albus
1650 1246 1691 1281 et
1717 1254 1920 1291 gramma-

241 1312 345 1349 ticus
373 1314 414 1348 et
446 1312 579 1348 iustus
615 1312 806 1348 dicuntur
843 1311 1153 1348 denominative
1191 1320 1216 1347 a
1255 1311 1533 1356 qualitatibus,
1570 1311 1792 1357 pugillator
1818 1319 1919 1346 vero

242 1379 283 1415 et
310 1377 523 1414 studiosus
546 1387 640 1419 non,
669 1387 769 1424 ergo
791 1377 997 1423 quaedam
1015 1386 1122 1422 quae
1145 1377 1336 1413 dicuntur
1357 1386 1410 1413 ex
1432 1376 1708 1422 qualitatibus,
1731 1376 1922 1413 dicuntur

243 1443 567 1485 denominative,
595 1443 803 1489 quaedam
830 1443 911 1479 alio
939 1443 1074 1479 modo.
1126 1442 1161 1479 A
1187 1442 1387 1488 partibus.
1949 1485 1980 1520 B
2031 1484 2070 1519 th

1985 1495 2026 1520 oe
2075 1509 2087 1521 .

386 1514 496 1551 Inest
535 1517 691 1552 autem.
743 1514 878 1551 Aliam
914 1514 1252 1551 communitatem
1289 1514 1533 1559 qualitatum
1570 1513 1776 1559 supponit,
1814 1523 1921 1559 quae
1950 1531 2112 1577 Ἠλὶ-ὧι

188 1592 222 1618 20
243 1580 411 1626 quidem
438 1580 561 1617 sicuti
586 1580 721 1626 prIma
746 1589 830 1617 non
858 1581 923 1616 est
948 1580 1117 1626 proprie
1144 1579 1357 1626 proprium
1385 1579 1607 1625 qualitatis,
1645 1589 1737 1616 cum
1765 1579 1923 1616 scilicet

242 1646 323 1683 ista
349 1656 486 1692 neque
515 1646 616 1683 solis
645 1646 912 1692 qualitatibus
940 1646 1167 1682 conveniat
1202 1655 1340 1691 neque
1374 1645 1577 1682 omnibus.
1630 1644 1749 1686 Quod
1782 1647 1921 1681 autem

243 1712 434 1749 omnibus
460 1721 545 1748 non
572 1711 808 1753 conveniat,
836 1711 926 1757 ipse
955 1721 1121 1756 quoque
1158 1711 1295 1748 statim
1332 1711 1478 1757 aperit.
1531 1710 1649 1751 Quod
1682 1720 1783 1747 vero
1821 1710 1921 1746 solis

244 1786 327 1814 non
355 1777 563 1819 convenit,
591 1787 645 1814 ex
673 1786 723 1813 eo
752 1778 938 1822 apparet,
966 1776 1077 1822 quod
1104 1776 1229 1813 etiam
1250 1776 1391 1813 facere
1415 1777 1455 1812 et
1476 1777 1561 1822 pati
1582 1775 1921 1812 contrarietatem

243 1843 400 1879 habere
428 1843 547 1879 dicet.

190 1926 224 1951 25
387 1914 604 1951 Attende
633 1915 785 1955 autem,
813 1914 922 1959 quod
950 1913 1141 1950 hocloco
1168 1913 1410 1950 Boethius
1437 1914 1524 1950 vult
1549 1914 1735 1959 incipere
1758 1913 1923 1950 investi-

244 1979 457 2025 gationem
498 1979 767 2025 proprietatis
805 1979 1048 2025 qualitatum
1086 1981 1127 2016 et
1164 1979 1262 2015 illud
1302 1979 1412 2024 quod
1451 1979 1728 2025 praemissum
1768 1981 1832 2016 est
1871 1979 1922 2015 de

245 2045 448 2090 qualibus,
475 2044 654 2082 fortasse
682 2044 893 2091 praemitti
920 2045 972 2081 ad
999 2044 1278 2082 differentiam
1306 2045 1548 2090 qualitatum
1576 2055 1601 2081 a
1628 2045 1830 2090 qualibus.

390 2116 456 2153 Sic
483 2116 629 2163 iunge:
664 2115 941 2157 Qualitatibus
969 2116 1167 2153 convenit
1193 2116 1350 2153 habere
1379 2116 1516 2162 qualia
1545 2116 1855 2152 denominative
1884 2118 1925 2152 et

244 2182 401 2219 habere
430 2182 554 2219 etiam
581 2182 803 2218 contraria.
854 2181 902 2218 Et
928 2182 1008 2219 hoc
1036 2184 1117 2219 est:
1144 2181 1257 2219 Inest
1284 2182 1559 2219 contrarietas
1587 2181 1680 2218 aliis
1707 2182 1833 2218 rebus
1861 2191 1925 2218 se-

191 2259 226 2284 30
247 2247 425 2285 cundum
453 2248 588 2293 quale,
615 2247 655 2284 id
683 2249 748 2284 est
775 2247 1005 2284 secundum
1036 2248 1290 2293 qualitatem,
1318 2248 1416 2293 quia
1443 2248 1600 2284 scilicet
1627 2247 1833 2293 quaedam
1855 2257 1924 2284 res

246 2313 403 2350 habent
438 2313 778 2349 contrarietatem
814 2315 1010 2358 respectu
1038 2313 1293 2358 qualitatum,
1330 2313 1458 2356 aliae,
1494 2313 1653 2350 scilicet
1689 2313 1924 2358 qualitates.

247 2379 443 2424 respectu
477 2378 662 2419 aliarum,
699 2378 810 2423 quod
845 2380 1004 2415 tantum
1040 2379 1164 2421 valet,
1202 2388 1252 2415 ac
1288 2379 1324 2415 si
1361 2379 1536 2415 diceret:
1576 2379 1686 2424 quod
1726 2380 1790 2415 est
1830 2387 1924 2414 esse

247 2443 490 2480 contrarias
530 2443 742 2480 Similiter
761 2445 916 2480 autem.
957 2444 1180 2490 Postquam
1196 2445 1379 2481 ostendit
1400 2445 1623 2490 qualitates
1646 2453 1740 2481 esse
1764 2445 1924 2480 contra-

247 2509 344 2551 rias,
373 2509 553 2545 ostendit
581 2518 723 2545 earum
752 2518 918 2555 quoque
946 2510 1136 2546 subiecta
1156 2510 1366 2546 contraria
1394 2510 1484 2551 dici,
1512 2510 1741 2547 secundum
1769 2509 1926 2546 scilicet

195 2585 228 2611 85
249 2575 562 2620 susceptionem
578 2574 879 2611 contrariarum
901 2575 1156 2620 qualitatum.
1196 2574 1367 2612 Duobus
1388 2576 1498 2612 enim
1519 2575 1653 2612 modis
1674 2585 1743 2611 res
1765 2577 1926 2611 contra-

248 2641 336 2677 riae
364 2640 554 2677 dicuntur
580 2641 647 2676 vel
675 2649 728 2676 ex
756 2642 905 2677 natura
934 2641 1130 2686 propriae
1159 2642 1384 2683 essentiae,
1412 2641 1519 2677 sicut
1545 2641 1768 2686 qualitates
1795 2640 1924 2686 ipsae.

249 2706 399 2743 albedo
427 2708 469 2742 et
495 2705 681 2752 nigredo,
709 2715 817 2751 quae
846 2715 900 2742 ex
927 2716 973 2743 se
1002 2706 1103 2752 ipsis
1140 2707 1322 2743 maxime
1359 2707 1538 2743 invicem
1575 2708 1670 2743 sunt
1706 2706 1925 2746 adversae,

249 2772 315 2808 vel
344 2781 397 2808 ex
425 2771 643 2808 contrariis
668 2770 812 2807 formis
840 2771 1140 2812 adiacentibus,
1175 2772 1282 2808 sicut
1314 2772 1452 2808 album
1486 2782 1637 2817 corpus
1676 2774 1716 2808 et
1752 2771 1925 2817 nigrum.

249 2836 297 2873 Et
323 2837 451 2883 priori
477 2836 644 2882 quidem
681 2837 815 2877 modo,
852 2846 935 2873 non
969 2837 1155 2873 secundo
1193 2837 1455 2873 substantiae
1483 2838 1549 2873 vel
1577 2837 1831 2882 quantitates
1859 2836 1925 2872 vel

195 2913 231 2938 ιο
250 2902 477 2939 relationes
505 2903 711 2948 negantur
737 2911 832 2938 esse
861 2902 1109 2938 contrariae.
1163 2902 1255 2938 Non
1283 2905 1439 2938 autem.
1492 2902 1681 2939 Ostendit
1718 2911 1801 2937 non
1830 2910 1926 2937 esse

251 2968 461 3014 proprium
499 2967 709 3013 qualitatis
745 2968 900 3004 habere
938 2967 1202 3009 contrarium,
1239 2968 1336 3013 quia
1373 2968 1563 3004 omnibus
1600 2976 1682 3004 non
1718 2966 1926 3003 convenit.

395 3115 439 3149 30
467 3115 667 3148 seeundum
694 3115 729 3148 id
757 3115 867 3156 quale
895 3116 952 3147 est
977 3114 1006 3147 A
1034 3115 1234 3148 secundum
1263 3115 1371 3156 quale
1398 3114 1526 3147 Boeth.
1710 3161 1752 3195 16
1769 3161 1783 3177 ο
