2200 3387
141 1255 171 1280 15

137 1580 172 1605 20

135 1904 170 1930 25

544 239 571 270 1,
601 234 666 270 Die
694 235 848 268 Glossen
878 245 920 269 zu
950 237 1181 278 Porphyrius.
1211 257 1251 260 ν
1283 240 1333 271 De
1363 243 1520 282 proprio.
1822 241 1867 276 89

195 336 257 369 est
281 334 434 369 homo?
466 334 620 370 risibile
649 332 932 378 respondebis
961 334 1013 369 si:
1042 334 1136 378 quid
1167 338 1229 371 est
1258 336 1440 372 risibile?
1469 338 1713 383 interroges.
1744 341 1865 376 homo

196 399 469 443 praedicabis,
517 399 616 435 Nam
652 398 730 435 illa.
768 397 885 442 bipes
913 398 976 433 vel
1015 400 1322 442 grammaticus.
1361 403 1526 447 propria
1561 405 1723 448 quidem
1760 408 1865 445 sunt.

197 464 271 499 sed
305 464 490 500 converti
530 473 609 499 non
645 465 841 508 possunt:
895 462 975 498 Sed
1011 465 1196 508 profecto
1226 465 1485 504 Boethius.
1522 469 1626 505 sicut
1660 480 1710 505 cx
1751 481 1866 515 prac-

195 527 330 563 missis
371 530 410 563 et
447 526 720 572 sequentibus
760 528 945 571 apparet.
982 527 1034 562 nil
1072 528 1180 563 aliud
1218 530 1346 565 voluit
1379 531 1584 575 assignari
1617 533 1680 568 his
1715 535 1865 572 verbis.

195 592 270 628 nisi
301 594 481 628 mutuam
509 591 842 627 conversionem.
894 590 940 626 Et
968 592 1049 627 tale
1078 594 1142 628 est
1179 593 1256 629 hoc
1291 594 1341 630 (le
1379 595 1447 630 illo
1485 597 1717 640 praedicari
1746 599 1865 643 quasi

195 657 488 693 universaliter
522 656 760 692 convenire.
815 655 920 691 Nam
954 657 1030 691 etsi
1065 667 1149 692 non
1188 659 1305 694 ridel.
1360 659 1468 696 Vere
1509 670 1677 706 semper
1713 663 1866 699 risibile

193 722 389 758 convenit
417 721 581 759 homini.
610 721 706 765 quia
734 723 775 756 et
797 721 962 765 quando
990 721 1097 757 ridet
1119 725 1159 758 et
1181 724 1348 768 quando
1372 735 1451 761 non
1476 726 1591 762 ridet.
1631 727 1662 762 Α
1680 729 1865 772 partibus

193 787 402 832 temporis.
455 786 536 822 sed
565 786 663 830 quia
691 786 741 822 de
770 788 956 831 tempore
994 789 1169 825 constat.
1204 788 1244 824 in
1283 799 1364 834 quo
1402 791 1519 831 ridet,
1557 793 1671 836 ponit
1707 795 1865 829 tantum

193 852 244 887 de
272 862 322 887 eo
351 851 389 887 in
425 861 505 896 quo
541 861 621 887 non
658 851 773 886 ridet.
824 851 905 886 Set!
931 852 1034 896 qnia
1063 855 1194 897 aptas
1222 856 1358 889 natus:
1412 855 1452 891 In
1492 856 1554 891 his
1592 857 1731 893 verbis
1770 858 1865 894 illud

167 917 314 961 »plane
354 916 553 953 refellitur
585 916 693 961 quod
732 916 896 961 quidam
942 920 1205 962 componunt.
1248 929 1419 964 germen
1458 920 1496 956 in
1534 923 1653 957 utero
1690 923 1865 959 necdum

191 980 409 1016 formatum
439 980 478 1016 in
508 980 714 1016 hominem
743 989 840 1016 esse
869 980 1034 1018 risibile.
1066 981 1102 1016 id
1126 984 1190 1017 est
1218 985 1366 1027 potens
1388 984 1536 1021 ridere.
1565 986 1661 1030 quia
1683 987 1866 1031 quando-

191 1055 271 1090 que
299 1045 415 1083 ridet.
442 1045 595 1081 factum
622 1045 779 1081 scilicet
807 1045 941 1083 homo.
969 1055 1019 1081 ac
1047 1056 1122 1090 per
1149 1047 1227 1082 hoc
1255 1047 1333 1083 iam
1364 1048 1496 1093 ipsum
1526 1060 1623 1086 esse
1645 1051 1866 1093 hominem,

191 1110 287 1155 quia
315 1110 473 1146 scilicet
500 1110 580 1146 iam
609 1112 671 1146 est
698 1110 862 1146 risibile.
916 1110 996 1146 Sed
1018 1120 1110 1146 cum
1137 1112 1194 1147 ait
1214 1112 1521 1158 Porphyrius
1551 1118 1701 1160 aptum
1724 1118 1864 1153 natum

190 1175 243 1211 ad
264 1175 504 1212 ridendum.
527 1174 897 1211 determinavimus
918 1184 1002 1211 non
1025 1175 1105 1212 dici
1132 1177 1286 1213 risibile
1315 1188 1367 1214 ex
1390 1188 1651 1225 quacumque
1679 1182 1866 1226 potentia

191 1240 363 1279 ridendi.
398 1240 472 1276 sed
506 1250 560 1276 ex
587 1240 828 1285 aptitudine.
857 1250 980 1285 quam
1008 1241 1161 1277 habeat
1188 1244 1330 1278 natum
1358 1246 1399 1279 et
1426 1246 1657 1289 promotum
1694 1246 1733 1281 in
1773 1247 1866 1282 sub-

191 1303 386 1339 stantiam
416 1303 604 1339 hominis.
658 1304 769 1339 Haec
796 1306 951 1339 antem.
1005 1304 1113 1340 Vere
1151 1306 1257 1342 hanc
1294 1307 1476 1343 ultimam
1514 1308 1864 1353 significationem

191 1369 345 1414 proprii
373 1369 423 1404 de
452 1378 533 1413 qua
561 1369 651 1404 sola
678 1369 863 1407 intendit.
892 1370 944 1405 ab
972 1369 1063 1405 aliis
1085 1370 1239 1408 dividit.
1262 1372 1405 1407 dicens
1433 1373 1591 1409 scilicet
1613 1383 1706 1410 eam
1732 1375 1864 1411 solam

192 1434 358 1479 proprie
387 1434 529 1470 vocari
558 1434 636 1470 hoc
664 1434 831 1470 nomine
860 1434 969 1479 quod
1007 1437 1072 1471 est
1109 1436 1319 1481 proprium
1356 1447 1429 1482 pro
1468 1447 1518 1473 eo
1547 1439 1656 1483 quod
1693 1449 1867 1476 conver-

192 1499 289 1535 titur
314 1508 407 1535 cum
435 1499 588 1544 specie.
641 1498 760 1539 Quod
788 1499 828 1535 in
856 1499 1043 1544 partibus
1071 1501 1209 1536 statim
1237 1502 1421 1538 ostendit
1447 1503 1608 1539 dicens:
1647 1504 1868 1550 Quidquid

192 1563 318 1598 enim.
364 1562 652 1603 Quaeritur.
675 1572 765 1599 cum
789 1563 900 1599 dicat
920 1573 1042 1599 omne
1064 1564 1261 1600 hinnibile
1284 1575 1380 1602 esse
1404 1576 1566 1611 equum.
1594 1577 1702 1612 equa
1727 1570 1864 1605 autem

191 1628 244 1664 sit
279 1628 500 1666 hinnibilis.
529 1630 662 1664 utrum
691 1637 799 1672 equa
827 1628 879 1664 sit
906 1638 1050 1673 equus.
1102 1629 1149 1665 Et
1175 1630 1431 1667 sciendum
1470 1633 1578 1677 quod
1607 1642 1751 1678 equus,
1788 1634 1866 1670 hoc

191 1703 355 1732 nomen,
384 1693 584 1729 duobus
612 1693 745 1729 modis
773 1693 961 1729 sumitur:
1002 1693 1141 1731 Modo
1182 1695 1290 1731 enim
1325 1697 1599 1734 substantiale
1635 1707 1787 1734 nomen
1825 1701 1866 1735 et

191 1759 374 1803 speciale
396 1759 614 1794 continens
643 1758 839 1794 animalia
862 1759 1075 1804 utriusque
1101 1768 1241 1799 sexus.
1263 1762 1345 1796 tam
1368 1761 1561 1798 videlicet
1582 1772 1719 1799 mares
1741 1773 1862 1808 quam

190 1824 378 1860 feminas.
408 1824 447 1859 in
475 1833 557 1868 qua
585 1823 890 1869 significatione
928 1824 1006 1860 hoc
1042 1825 1133 1860 loco
1167 1825 1342 1870 ponitur.
1394 1826 1535 1863 Modo
1564 1830 1771 1873 sumptum
1800 1831 1864 1865 est

191 1899 215 1925 a
242 1899 346 1925 sexu
375 1888 604 1925 masculino
632 1891 673 1925 et
701 1891 797 1925 tunc
824 1890 1045 1934 opponitur
1071 1899 1216 1935 equae.

333 1954 414 1991 Sed
443 1955 779 1999 quaerendum
808 1956 883 1994 est.
911 1955 1077 2000 quando
1099 1956 1283 2000 speciale
1312 1966 1463 1993 nomen
1492 1958 1710 2003 utriusque
1735 1969 1864 1996 sexus

190 2022 255 2056 est
281 2019 478 2056 animalia
504 2020 732 2057 continens.
771 2020 947 2064 qualiter
982 2020 1022 2056 id
1062 2021 1285 2067 contingat.
1327 2022 1405 2057 nisi
1444 2023 1497 2058 sit
1535 2033 1753 2060 commune
1794 2025 1860 2061 vel

190 2085 423 2131 epigenum.
474 2085 702 2122 Commune
729 2087 869 2122 autem
897 2095 979 2121 non
1008 2088 1082 2125 est.
1120 2096 1211 2122 cum
1240 2087 1499 2123 diversorum
1539 2098 1740 2134 generum
1778 2100 1860 2126 non

190 2150 253 2189 sit.
293 2160 429 2195 neque
479 2151 712 2195 epigenum,
757 2160 848 2187 cum
889 2151 941 2187 ad
981 2161 1110 2187 sexus
1151 2141 1467 2198 distinguendos
1508 2153 1696 2190 diversas
1733 2165 1862 2191 voces

191 2215 354 2253 habeat.
384 2214 462 2251 nisi
488 2215 594 2251 forte
622 2215 792 2255 dicatur,
821 2215 931 2260 quod
965 2225 1046 2251 non
1081 2216 1242 2251 amittat
1276 2217 1497 2262 epigenum
1532 2227 1638 2256 esse.
1668 2219 1748 2254 nisi
1774 2219 1864 2261 <in>

191 2280 337 2316 eadem
367 2280 673 2325 significatione
695 2282 901 2316 retentum
927 2280 1184 2316 diversorum
1209 2281 1261 2317 sit
1281 2291 1494 2327 generum.
1522 2283 1627 2319 sicut
1654 2284 1759 2320 haec
1780 2294 1864 2321 vox

190 2354 354 2381 nomen.
406 2345 457 2381 At
478 2354 579 2381 vero
602 2355 733 2390 equus
762 2345 801 2381 in
829 2345 1002 2391 speciali
1029 2346 1336 2391 significatione
1370 2349 1569 2386 retentus.
1602 2348 1641 2384 in
1670 2358 1752 2394 qua
1780 2352 1862 2386 tam

191 2409 242 2444 de
280 2409 461 2445 maribus
497 2419 620 2454 quam
649 2409 700 2446 de
737 2409 900 2446 feminis
935 2410 1210 2455 praedicatur.
1245 2411 1503 2447 diversorum
1541 2421 1740 2457 generum
1779 2424 1862 2450 non

192 2476 266 2513 est.
292 2474 472 2519 ideoque
501 2474 721 2520 epigenum
751 2484 848 2511 esse
876 2477 1025 2520 potest.
1053 2476 1157 2512 sicut
1185 2476 1323 2521 aquila
1350 2477 1415 2512 vel
1444 2487 1601 2522 passer.

330 2539 446 2576 Nunc
473 2542 611 2576 autem
642 2540 738 2576 illud
766 2541 1024 2578 definiamus.
1053 2541 1162 2585 quod
1190 2544 1341 2586 supra¹
1373 2542 1649 2587 promisimus.
1686 2544 1864 2589 qualiter

191 2604 348 2641 scilicet
383 2604 624 2641 Boethius
664 2606 703 2641 in
743 2606 1092 2642 Divisionibus
1133 2606 1241 2642 dIcat
1281 2607 1500 2651 quaedam.
1546 2618 1654 2653 quae
1694 2610 1863 2654 propria

192 2669 393 2708 videntur.
430 2680 506 2706 nec
543 2673 636 2707 actu
675 2681 751 2707 nec
788 2671 949 2718 ratione
986 2681 1011 2707 a
1047 2672 1281 2708 substantia
1321 2673 1520 2717 separari.
1561 2673 1628 2709 ubi
1669 2674 1863 2710 videlicet

193 2737 380 2770 naturam
406 2736 690 2772 substantialis
713 2736 975 2774 differentiae
1006 2737 1231 2782 investigat
1261 2737 1319 2773 sic
1350 2738 1493 2774 dicens
1508 2741 1538 2773 ²:
1568 2738 1698 2775 ,Aliud
1719 2749 1862 2775 rursus

191 2802 264 2837 est.
292 2800 401 2844 quod
432 2800 592 2836 ratione
619 2802 807 2846 separari
837 2812 917 2838 non
946 2802 1094 2847 possit;
1132 2803 1241 2846 quod
1269 2803 1302 2838 si
1331 2805 1572 2847 separatum
1600 2803 1661 2840 sit.
1695 2804 1862 2848 species

337 2927 377 2959 10
406 2927 515 2959 rebus
544 2928 678 2960 fellitur
704 2929 730 2960 Α
860 2931 897 2961 11
936 2930 1092 2961 formant
1123 2930 1147 2960 ,l
1279 2930 1317 2960 17
1346 2929 1391 2961 ah
1420 2929 1501 2961 aliis
1532 2930 1577 2967 Α-,ι
1605 2930 1804 2963 accidentis
1831 2931 1858 2963 A

192 2987 246 3024 28,
263 2987 306 3019 29
335 2987 552 3027 epichenum
578 2988 603 3018 A
713 2988 755 3019 29
783 2988 1041 3029 distinguendo
1063 2989 1092 3019 A
1200 2989 1242 3019 :32
1271 2988 1470 3028 specialem
1500 2988 1808 3029 significationem
1834 2990 1859 3021 Α

192 3047 235 3079 37
264 3044 338 3086 ubi]
367 3048 404 3078 ut
430 3046 459 3078 A
558 3047 602 3078 39
630 3049 824 3087 separetur
850 3048 897 3079 sit
926 3049 953 3079 Α

337 3123 345 3144 ¹
377 3123 428 3155 Cr.
459 3131 584 3163 supra
613 3132 645 3164 p.
676 3122 759 3155 ⁸8⁶.
881 3124 895 3145 “-’
922 3124 1084 3161 Boeth..
1112 3124 1164 3156 De
1191 3123 1270 3156 Die'.
1300 3123 1350 3156 ΡΙ.
1380 3124 1434 3161 64,
1456 3124 1519 3155 881
1539 3124 1575 3155 B.
