2200 3387
192 926 224 950 lu

193 1252 224 1278 15

189 1577 225 1604 20

192 1904 226 1931 ‘25

193 2235 227 2258 ³0

196 2883 231 2907 ⁴0

519 237 548 271 2.
578 238 643 271 Die
669 238 825 271 Glossen
855 247 897 271 zu
926 237 995 270 den
1025 237 1259 279 Kategoricn.
1290 256 1331 261 —-
1362 236 1412 270 De
1440 238 1631 279 oppositis
1850 235 1919 270 283

243 337 284 371 et
312 337 484 381 utraque
513 335 621 372 mala
648 339 688 372 ct
716 344 856 371 rursus
886 334 1156 380 prodigalitas
1185 337 1225 370 ct
1253 335 1429 372 avaritia
1458 335 1519 370 vel
1545 335 1710 379 ignavia
1733 337 1772 371 et
1795 337 1919 371 teme-

244 400 356 437 ritas.
409 400 519 437 Inter
545 403 681 437 autem
712 401 816 436 baec
843 399 1053 436 contrarIa
1081 409 1188 444 quae
1227 399 1333 435 mala
1371 403 1477 439 sunt.
1514 399 1704 436 virtutem
1742 399 1917 436 mediam

246 465 504 502 lioratius¹
544 465 764 510 assignare
802 465 965 501 videtur
1010 464 1173 501 dicens:
1215 464 1365 503 ‚Virtus
1406 468 1469 500 cst
1510 465 1685 500 medium
1729 465 1918 501 vitiorum

245 530 448 575 utrimque
483 530 720 567 reductum·
773 530 871 566 Cum
911 530 1017 565 enim
1057 539 1210 565 avarus
1248 529 1299 564 sit
1336 529 1403 574 qui
1444 529 1593 565 retinet
1631 530 1847 566 retinenda
1880 534 1920 566 et

245 605 325 631 non
356 595 584 634 retinenda.
613 595 822 641 prodigus,
851 595 917 640 qui
947 594 1086 630 tribuit
1114 594 1333 630 tribuenda
1361 597 1401 630 ct
1430 604 1510 630 non
1540 594 1770 633 tribuenda.
1798 595 1921 631 inter-

244 660 357 696 venit
385 660 536 706 largus,
572 660 640 706 qui
677 662 717 696 et
751 669 842 696 cum
872 659 1045 705 prodigo
1083 659 1279 694 convenit
1317 659 1355 694 in
1394 668 1444 695 eo
1482 660 1590 704 quod
1632 659 1817 695 attribuit
1855 659 1919 695 tri-

244 726 420 765 buenda.
449 729 489 762 et
516 735 656 764 avaro.
685 725 753 770 qui
781 725 931 761 retinet
959 724 1189 764 retinenda.
1217 726 1258 760 et
1279 724 1335 760 ita
1356 724 1525 771 largitas
1547 724 1677 760 virtus
1700 727 1763 760 est
1785 724 1921 761 media

244 791 351 827 inter
378 791 476 827 vitia
504 794 544 827 et
571 790 766 828 <reducta
794 794 871 831 ex>
901 790 1096 835 utrisque.
1124 799 1173 826 ac
1202 799 1275 835 per
1296 790 1372 826 boc
1394 790 1502 835 quod
1528 790 1648 826 modo
1671 799 1723 826 ex
1747 792 1920 835 utroque

244 856 344 892 vitio
373 856 543 893 reducta
571 858 646 894 est.
675 855 792 901 quasi
821 858 979 901 partem
1009 855 1058 891 de
1081 858 1255 900 utroque
1278 864 1510 892 assumens.
1564 855 1676 891 Sicut
1698 864 1798 901 crgo
1821 864 1921 892 vera

245 921 472 967 propositio
513 930 594 958 non
632 924 770 967 potest
806 930 902 958 esse
938 920 1147 957 contraria
1185 923 1323 958 verat!
1361 921 1434 957 sed
1473 921 1579 957 t'alsa
1615 921 1746 957 l'alsae
1784 923 1922 966 potest

244 995 340 1023 esse
379 987 598 1024 contraria.
640 987 695 1023 ita
733 987 885 1022 bonum
927 986 1035 1023 bono
1074 986 1324 1023 contrarium
1368 995 1464 1022 esse
1506 995 1586 1022 non
1627 989 1775 1031 potest.
1817 986 1921 1023 sicut

244 1054 381 1097 potest
419 1051 567 1088 malum
604 1052 722 1088 malo.
776 1050 891 1092 Quae
930 1052 1036 1087 enim
1074 1052 1182 1088 bona
1223 1055 1328 1088 sunt.
1369 1061 1555 1088 consona
1595 1052 1672 1087 sibi
1713 1055 1807 1088 sunt
1835 1055 1921 1092 fet„

244 1116 551 1153 convenientia.

387 1181 670 1220 Continuatio:
711 1182 797 1219 Non
834 1183 965 1219 solum
1001 1192 1051 1219 ea
1087 1192 1194 1228 quae
1223 1183 1273 1218 de
1311 1183 1530 1219 contrariis
1571 1183 1625 1219 ita
1663 1184 1768 1221 sunt.
1804 1186 1922 1219 erant

245 1247 428 1286 scienda.
467 1247 540 1284 sed
579 1248 702 1284 etiam
743 1248 823 1284 ista
857 1257 964 1293 quae
1002 1250 1243 1293 sequuntur.
1284 1248 1392 1293 quod
1429 1248 1586 1284 scilicet
1624 1249 1775 1284 bonum
1813 1248 1920 1294 quod

244 1312 494 1349 contrarium
537 1315 612 1350 est.
653 1322 706 1349 ex
746 1313 1001 1349 necessitate
1043 1315 1104 1349 est
1141 1313 1393 1348 contrarium
1436 1313 1554 1351 malo.
1600 1313 1676 1349 boc
1711 1315 1791 1349 est:
1826 1322 1922 1350 esse

245 1379 397 1415 bonum
420 1378 529 1423 quod
545 1378 796 1414 contrarium
820 1380 892 1418 est,
910 1377 1035 1414 habet
1056 1378 1223 1423 aliquod
1240 1378 1391 1414 malum
1413 1378 1490 1414 sibi
1512 1378 1774 1414 contrarium.
1805 1378 1922 1419 Quod

245 1443 341 1480 dicit
369 1452 464 1480 esse
493 1444 770 1481 manifestum,
798 1443 941 1489 <quia>
973 1453 1053 1488 per
1082 1443 1370 1480 lmlzoetz'orwm
1406 1444 1679 1487 sinyulorum
1710 1445 1920 1480 bonorum

244 1518 352 1555 quae
389 1509 599 1545 contraria
635 1512 741 1547 sunt.
783 1509 1045 1545 inveniemus
1087 1508 1196 1545 mala
1235 1517 1329 1545 esse
1370 1509 1576 1545 contraria
1617 1509 1808 1546 omnibus
1848 1509 1925 1546 illis

245 1574 374 1611 bonis.
428 1575 662 1619 Euestatem
686 1575 812 1610 enim.
866 1574 973 1610 Vere
995 1574 1147 1610 malum
1169 1574 1421 1620 quandoque
1444 1577 1507 1610 est
1529 1575 1779 1612 contrarium
1804 1575 1923 1612 malo,

245 1638 342 1684 quia
367 1638 546 1685 egestati
574 1638 970 1684 superabundantia.
1024 1638 1056 1674 A
1086 1637 1237 1684 duplici
1271 1640 1400 1683 parte.
1452 1639 1532 1675 Sed
1567 1639 1607 1674 ἱη
1645 1640 1810 1684 pam-is,
1846 1639 1924 1676 hoc

246 1706 309 1740 est
336 1713 442 1744 raro.
471 1704 657 1740 inveniet
683 1704 793 1740 mala
813 1712 908 1740 esse
934 1703 1145 1740 contraria
1165 1703 1256 1740 aliis
1279 1704 1409 1741 malis.
1433 1704 1506 1740 sed
1529 1704 1771 1750 frequenter
1792 1704 1923 1742 bonis.

389 1769 599 1815 Amplius.
652 1769 783 1806 Aliam
812 1769 943 1815 tangit
971 1771 1160 1806 naturam
1195 1769 1497 1805 contrariorum
1527 1770 1566 1805 in
1595 1779 1676 1815 qua
1703 1769 1924 1806 manifeste

247 1844 272 1871 a
299 1835 483 1871 relativis
513 1834 718 1873 differunt.
747 1835 855 1880 quod
885 1834 1077 1871 videlicet
1106 1844 1229 1870 unum
1258 1834 1558 1871 contrariorum
1581 1837 1720 1880 potest
1740 1835 1924 1872 existere

247 1900 378 1937 altero
408 1909 490 1936 non
518 1900 739 1936 existente.
791 1900 919 1936 Samis
947 1910 1144 1941 namque.
1201 1900 1307 1937 Vere
1337 1910 1460 1936 unum
1498 1901 1749 1937 contrarium
1787 1902 1925 1946 potest

246 1965 431 2002 existere
460 1975 542 2002 non
570 1966 779 2002 existente
807 1966 951 2006 altero,
985 1965 1081 2010 quia
1116 1966 1274 2002 sanitas
1314 1966 1354 2002 in
1391 1966 1570 2005 animali.
1608 1976 1689 2003 non
1718 1967 1924 2003 existente

245 2029 517 2076 aegritudine.
570 2029 617 2066 Et
640 2030 716 2066 lioc
738 2032 818 2066 est:
848 2030 1039 2066 omnibus
1063 2030 1309 2066 animalibus
1333 2030 1609 2067 existentibus
1631 2031 1745 2067 sauls
1767 2031 1925 2067 sanitas

247 2096 335 2137 erit,
362 2095 441 2132 hoc
469 2098 533 2132 est
560 2095 711 2141 poterit
739 2104 847 2135 esse.
886 2099 927 2132 et
963 2096 1137 2142 languor
1174 2105 1254 2132 non
1293 2096 1379 2132 erit.
1433 2094 1636 2136 Quidam
1678 2099 1816 2133 tamen
1859 2105 1926 2132 ne·

247 2161 433 2198 cessario
462 2161 605 2197 volunt
632 2161 867 2199 ostendere.
896 2161 1004 2206 quod
1040 2161 1074 2197 si
1109 2170 1232 2197 omne
1270 2161 1421 2198 animal
1458 2164 1521 2198 est
1557 2171 1715 2201 sanum.
1753 2163 1926 2208 languor

248 2229 323 2267 est,
351 2226 429 2262 hoc
457 2226 600 2263 modo:
631 2226 671 2263 Si
700 2235 822 2263 omne
845 2227 997 2263 animal
1020 2230 1085 2263 est
1106 2236 1264 2267 sanum,
1288 2236 1410 2263 omne
1433 2227 1670 2273 languidum
1694 2230 1757 2264 est
1779 2237 1924 2264 sanum

248 2294 289 2328 et
317 2291 373 2328 ita
399 2301 547 2328 sanum
576 2293 640 2328 est
666 2292 916 2337 languidum.
969 2291 1087 2329 Unde
1115 2294 1157 2328 et
1184 2292 1359 2339 languor
1380 2295 1445 2329 est
1472 2293 1512 2329 in
1535 2293 1713 2338 quodam
1742 2302 1858 2333 sano,
1887 2296 1927 2329 et

249 2357 304 2393 ita
332 2360 406 2393 est.
459 2356 539 2393 Sed
574 2356 760 2402 proiecto
800 2357 912 2402 prior
944 2357 1247 2402 consequentia
1287 2358 1398 2393 omni
1438 2358 1692 2394 necessitate
1730 2358 1926 2394 destituta

249 2425 323 2461 est.
352 2421 392 2458 in
421 2431 502 2466 qua
530 2422 688 2459 scilicet
716 2431 769 2459 ex
797 2423 986 2468 possibili
1013 2423 1200 2468 sequitur
1227 2423 1495 2468 impossibile.
1549 2422 1666 2464 Quod
1692 2423 1802 2460 enim
1822 2424 1925 2460 haec

250 2486 478 2532 propositio
507 2486 604 2523 dicit
632 2496 767 2525 .omne
794 2487 995 2527 <animal>
1023 2490 1087 2524 est
1115 2495 1287 2525 sanum.
1322 2487 1521 2533 possibile
1556 2491 1631 2526 est,
1669 2487 1925 2533 impossibile

213 2558 228 2581 ⁵
250 2560 349 2588 vero
378 2551 487 2597 quod
515 2551 612 2588 dicit
640 2561 773 2589 omne
803 2552 1040 2598 languidum
1069 2555 1133 2589 est
1161 2560 1333 2591 sanum·v
1370 2555 1494 2598 atque
1527 2553 1620 2590 ideo
1658 2553 1768 2590 nullo
1802 2553 1924 2589 modo

249 2626 340 2653 eam
363 2617 641 2654 concedimus.
693 2618 903 2654 S'imile'ter
922 2619 1078 2654 autem.
1123 2618 1233 2654 Idem
1255 2618 1437 2655 ostendit
1457 2618 1507 2655 de
1531 2619 1675 2655 mediis
1695 2618 1925 2655 contrariis.

249 2682 358 2727 quod
380 2685 596 2718 ostensum
619 2685 682 2719 est
705 2682 754 2719 de
777 2682 1038 2720 immediatis.
1078 2683 1288 2722 Ammius.
1318 2683 1509 2720 Ostendit
1525 2684 1789 2720 existentiam
1807 2683 1927 2719 unius

250 2747 445 2784 contrarii
473 2756 556 2784 non
577 2747 749 2794 exigere
771 2748 1038 2784 existentiam
1061 2748 1245 2787 alterius.
1272 2749 1395 2785 modo
1418 2749 1541 2785 etiam
1565 2748 1746 2784 ostendit
1768 2747 1927 2793 praedi-

250 2813 457 2849 cationem
486 2812 605 2848 unius
634 2821 716 2849 non
745 2813 917 2859 exigere
946 2813 1299 2858 praedicationem
1319 2813 1503 2852 alterius.
1533 2813 1624 2850 idco
1653 2813 1811 2849 scilicet
1832 2813 1926 2858 quia

254 2887 330 2914 nec
358 2877 396 2914 in
426 2877 574 2914 eodem
604 2887 701 2914 sese
730 2878 812 2923 pati
842 2880 1026 2923 possunt.
1081 2878 1125 2914 Et
1153 2878 1230 2914 lioc
1258 2882 1338 2914 est:
1375 2879 1580 2924 (anplius,
1614 2879 1652 2915 id
1687 2881 1750 2914 est
1781 2878 1926 2915 adhuc.

395 2994 414 3025 3
442 2993 582 3026 oratius
609 2994 634 3026 Α
763 2996 782 3025 ὅ
812 2993 961 3026 reducta
989 3002 1036 3026 cx
1075 2993 1208 3026 addidi
1241 2994 1447 3026 secandam
1486 3003 1529 3025 ra
1567 3002 1665 3034 quae
1700 2995 1925 3035 sequnntur.

254 3053 396 3085 lacuna
425 3053 462 3084 in
490 3053 518 3085 A
622 3053 663 3085 13
691 3053 989 3085 inconvenientia
1015 3054 1041 3085 A
1145 3053 1187 3084 40
1215 3053 1344 3085 eadem
1373 3053 1397 3085 ,4

398 3123 852 3164 ¹Horatius,115pe's!.l
884 3124 1042 3156 tainu.

1953 1739 2089 1775 Boetli.

1953 1798 1985 1831 p.
1998 1786 2069 1822 ΞΨΖ
2084 1786 2113 1822 Α
