2200 3387
293 248 358 282 164
703 248 811 280 Peter
837 248 1041 280 Abaelards
1070 248 1203 288 Logica
1231 244 1553 288 ‚lng1·edientibus‘.

293 348 489 390 quantum
519 345 569 380 ad
599 344 780 389 iniquum
809 344 1131 388 impatientiae¹.
1184 343 1278 379 Nos
1316 343 1437 378 talem
1466 341 1639 378 dicimus
1667 340 1842 376 eandem
1878 340 1956 375 for-

292 413 406 446 tasse
435 409 659 445 secundum
690 409 880 444 diversos
914 409 1053 444 utilem
1087 418 1182 444 esse
1217 409 1257 443 et
1294 407 1488 444 inutilem.
1521 407 1672 441 bonam
1699 414 1800 440 vero
1837 404 1956 439 simul

291 477 331 510 et
358 475 506 510 malam
536 483 631 509 esse
659 483 741 508 non
763 473 1040 509 concedimus.
1093 473 1208 508 Bona
1231 472 1339 508 enim
1361 481 1457 507 esse
1479 472 1637 506 tantum
1660 479 1729 505 res
1750 468 1957 513 quaelibet

292 539 448 574 dicitur.
476 548 582 582 quae
611 548 635 573 a
662 547 822 573 summo
850 538 942 573 loco
964 538 1218 582 approbatur
1239 538 1362 581 atque
1385 536 1474 571 eius
1496 534 1723 571 concordat
1743 532 1956 572 voluntati,

293 604 439 639 eadem
467 612 567 638 vero
595 602 703 638 actio
730 602 817 637 Deo
846 602 965 637 simul
993 602 1159 647 placere
1188 603 1228 637 et
1254 610 1337 636 non
1364 601 1530 645 placere
1564 609 1646 634 non
1674 599 1822 643 potest.
1875 597 1956 633 Sed
1977 604 1993 630 5

292 667 401 711 quod
422 666 510 702 zelo
532 665 712 701 iustitiae
734 665 1070 702 fit.·solummodo
1088 665 1239 700 bonum
1262 665 1332 701 est.
1362 663 1440 699 etsi
1464 663 1709 708 quibusdam
1732 661 1785 697 sit
1804 660 1956 696 inutile.

291 731 486 767 Fortasse
514 732 651 766 autem
680 740 772 766 curn
800 730 872 766 ait:
911 740 1051 774 ,prava
1088 731 1128 765 et
1165 729 1376 769 studiosa‘,
1414 737 1496 763 non
1533 726 1695 771 accepit
1730 727 1881 761 bonam
1918 726 1958 760 et

293 796 453 834 malam.
481 795 553 831 sed
580 795 671 831 fieri
698 804 899 839 perversa
927 794 1156 830 intentione
1184 795 1224 829 et
1251 795 1375 833 recta,
1404 792 1513 837 quod
1541 791 1650 827 nullo
1678 790 1800 826 modo
1823 789 1958 825 eidem

294 860 447 896 actioni
473 860 698 896 convenire
727 861 923 904 <potest>.
975 859 1224 894 Substantia
1256 868 1361 893 vero.
1414 857 1533 897 Quod
1553 856 1729 892 removit
1750 865 1775 891 a
1795 853 1958 894 ceteris,

293 925 477 961 attribuit
505 924 759 961 substantiis.
812 924 929 964 Quod
952 933 1041 959 cum
1072 923 1263 968 superius
1291 922 1372 958 iam
1400 922 1585 963 dixisset,
1607 921 1700 957 ideo
1728 919 1889 964 repetit,
1916 920 1959 954 ut
1981 925 2013 950 10

295 988 584 1033 exemplificet.
639 988 683 1023 In
713 988 816 1023 aliis*
843 989 1000 1023 autem.
1052 987 1139 1022 Hoc
1173 996 1338 1031 quoque
1371 986 1451 1022 iam
1490 986 1663 1025 dixerat,
1702 984 1775 1020 sed
1809 983 1960 1028 repetit

295 1055 337 1088 ut
374 1054 557 1098 exponat
591 1053 641 1088 de
678 1052 741 1088 his
774 1052 814 1087 in
854 1052 1001 1096 quibus
1040 1052 1184 1087 fallere
1212 1051 1440 1087 videbatur.
1493 1051 1584 1086 Nisi
1611 1050 1716 1095 quis.
1768 1048 1958 1088 Attende,

294 1118 402 1162 quod
431 1117 735 1153 irrationabiles
762 1117 915 1153 iudicat
941 1117 1017 1152 has
1046 1116 1315 1157 obiectiones‚
1353 1126 1444 1152 cum
1478 1115 1549 1152 ait:
1591 1115 1729 1156 ‚Instet
1760 1113 1958 1153 forsitam

294 1193 343 1218 ac
369 1183 402 1218 si
430 1183 587 1218 diceret
614 1191 659 1217 se
688 1182 888 1222 diffidere,
915 1183 959 1217 ut
986 1181 1132 1225 aliquis
1160 1181 1267 1217 adeo
1296 1181 1481 1225 desipiat,
1509 1182 1552 1216 ut
1579 1180 1628 1216 de
1655 1179 1743 1215 istis
1765 1178 1959 1223 opponat,

295 1257 368 1292 pro
397 1257 447 1283 eo
476 1247 633 1282 scilicet
660 1246 769 1291 quod
797 1246 987 1285 diximus,
1022 1245 1119 1290 quia
1150 1255 1287 1290 neque
1324 1246 1471 1281 eadem
1507 1254 1680 1280 numero
1715 1243 1960 1288 permanent
1982 1254 2015 1279 15

296 1321 432 1356 neque
461 1311 692 1356 suscipiunt
719 1311 993 1347 sustentando
1021 1319 1158 1354 neque
1186 1311 1281 1345 sunt
1307 1319 1450 1346 verum
1479 1310 1520 1345 et
1550 1309 1700 1344 falsum
1726 1308 1838 1343 circa
1873 1316 1961 1343 ora-

295 1377 449 1412 tionem
477 1376 685 1412 contraria
707 1377 747 1412 et
768 1376 901 1411 visum
924 1376 1013 1411 sive
1035 1375 1272 1420 opinionem
1294 1375 1404 1410 idem
1424 1375 1547 1410 vocat
1568 1373 1677 1419 quod
1698 1372 1960 1408 intellectum.

296 1442 452 1477 Eadem
483 1442 610 1477 enim.
662 1441 808 1477 Reddit
835 1450 1016 1478 causam,
1051 1450 1179 1484 quare
1213 1440 1493 1484 opponeretur
1521 1439 1572 1474 de
1599 1438 1700 1474 istis.
1750 1437 1798 1472 Et
1824 1437 1961 1477 nota,

297 1506 404 1550 quod
433 1515 515 1541 non
544 1505 601 1541 ait
628 1506 726 1546 ,est·‚
756 1505 830 1541 sed
859 1504 1056 1545 ‚videtur·.
1107 1504 1153 1539 Si
1179 1504 1274 1548 quis
1293 1503 1419 1539 enim.
1472 1502 1579 1538 Vere
1601 1502 1709 1537 idem
1729 1501 1962 1537 intellectus

296 1571 458 1606 videtur
485 1570 662 1606 diversis
690 1571 829 1605 tamen
858 1569 1113 1614 temporibus
1142 1570 1182 1604 et
1209 1578 1334 1604 verus
1369 1569 1409 1604 et
1441 1568 1580 1607 falsus,
1609 1566 1704 1611 quia
1730 1566 1962 1601 intellectus
1982 1570 2017 1596 20

296 1635 374 1671 iste
412 1635 481 1680 qui
515 1634 696 1679 concipit
731 1635 908 1679 aliquem
947 1634 1107 1669 sedere.
1159 1634 1194 1669 A
1233 1634 1362 1678 parte.
1414 1633 1494 1668 Sed
1537 1632 1574 1667 si
1613 1631 1716 1675 quis.
1766 1630 1881 1666 Bene
1908 1629 1965 1665 vi-

298 1700 447 1736 dentur
474 1709 599 1744 posse
629 1699 793 1744 opponi.
846 1699 926 1734 Sed
962 1698 1040 1734 etsi
1071 1698 1292 1734 videantur
1325 1697 1554 1737 obicienda,
1590 1697 1790 1732 habemus
1825 1696 1964 1730 tamen

298 1765 525 1800 remedium
554 1764 762 1809 quoddam
790 1764 901 1799 circa
929 1763 1103 1804 obiecta,
1133 1763 1242 1808 quod
1268 1762 1461 1798 videlicet
1496 1770 1716 1807 possumus
1749 1759 1964 1805 assignare

297 1829 542 1865 substantiis
570 1830 611 1865 et
638 1829 728 1865 istis
757 1829 917 1865 duobus
946 1828 1154 1864 diversum
1181 1828 1345 1864 modum
1381 1826 1644 1872 suscipiendi.
1694 1825 1742 1861 Et
1772 1825 1852 1861 hoc
1883 1825 1963 1860 est:

297 1895 377 1931 Sed
403 1897 546 1930 tamen
575 1894 702 1930 modo
730 1894 880 1936 differt,
916 1894 957 1929 id
994 1895 1056 1929 est
1090 1893 1132 1928 in
1169 1893 1292 1929 modo
1326 1892 1579 1937 suscipiendi
1618 1893 1682 1927 est
1721 1889 1963 1927 differentia.
1983 1897 2019 1924 25

297 1960 377 1995 Sec!
403 1962 557 1995 tamen.
608 1959 701 1995 Una
727 1969 824 2004 pars
846 1960 909 1994 est
929 1968 1003 2003 pro
1027 1960 1200 2000 ‚tamem
1252 1958 1362 1993 Nam
1390 1968 1450 1993 ea.
1501 1958 1610 1993 Vere
1632 1956 1810 1992 diversis
1831 1945 1963 1991 m'odis

298 2024 554 2060 substantiae
583 2023 812 2068 suscipiunt
838 2023 1048 2059 contraria
1074 2025 1115 2058 et
1142 2023 1220 2058 ista
1247 2022 1478 2067 suscipiunt
1505 2023 1545 2058 et
1564 2031 1709 2057 verum
1737 2022 1778 2056 et
1802 2020 1962 2075 falsum,

298 2089 394 2134 quia
415 2089 674 2125 substantiae
696 2088 926 2133 suscipiunt
947 2088 1156 2124 contraria
1176 2088 1292 2133 ipsae
1315 2088 1509 2127 mutatae,
1537 2087 1616 2122 hoc
1638 2087 1702 2122 est
1723 2095 1776 2122 ex
1797 2085 1965 2130 propria

299 2155 447 2189 natura
474 2153 700 2189 secundum
728 2152 907 2197 priorem
935 2151 1197 2192 sententiam,
1225 2152 1290 2187 vel
1327 2152 1444 2196 ipsae
1479 2152 1619 2186 tamen
1656 2151 1850 2191 mutatae,
1886 2150 1964 2185 hoc

299 2220 362 2254 est
386 2218 444 2254 ita
464 2218 752 2263 susceptibiles
774 2218 869 2253 sunt
891 2217 1203 2258 contrari0rum,
1219 2219 1262 2252 ut
1283 2216 1382 2252 nihil
1403 2216 1510 2251 aliud
1534 2224 1710 2251 necesse
1732 2215 1784 2250 sit
1804 2214 1963 2256 mutari,
1983 2219 2019 2245 30

299 2284 408 2329 quod
435 2283 597 2328 planius
626 2283 916 2318 determinabit
942 2282 1124 2322 inferius,
1152 2291 1243 2318 cum
1272 2282 1399 2317 dicet:
1428 2281 1656 2316 secundum
1692 2289 1809 2315 suam
1837 2280 1965 2315 muta-

299 2349 464 2389 tionem,
501 2348 540 2383 id
578 2350 640 2383 est
676 2348 896 2392 propriam.
955 2347 1091 2391 Saepe
1129 2347 1237 2382 enim
1272 2355 1390 2382 suum
1427 2349 1550 2390 <pro>
1585 2345 1753 2390 proprio
1788 2344 1962 2389 ponitur.

301 2412 441 2448 Oratio
469 2421 569 2447 vero
598 2413 638 2446 et
665 2411 898 2447 intellectus
925 2420 1147 2455 numquam
1182 2410 1300 2455 ipsae
1336 2411 1531 2450 mutatae,
1568 2410 1611 2444 ut
1648 2407 1965 2444 determinatum

301 2478 375 2517 est,
413 2475 643 2520 suscipiunt
669 2475 760 2510 ista.
811 2474 943 2510 Locus
981 2476 1044 2510 est
1078 2484 1102 2510 a
1135 2475 1253 2519 parte
1291 2473 1550 2509 diversorum
1587 2472 1801 2508 modorum
1837 2471 1965 2507 susci-

299 2540 449 2585 piendi.
502 2541 549 2576 Et
576 2550 685 2584 (letae
711 2541 808 2575 sunt
838 2540 884 2575 ’ἱη
910 2539 1174 2581 substantiis,
1202 2539 1241 2574 id
1270 2540 1334 2574 est
1360 2538 1400 2573 in
1427 2547 1599 2574 numero
1627 2537 1962 2577 substantiarum,
1984 2546 2018 2571 35

300 2606 408 2641 inter
430 2605 543 2649 ipsas
571 2604 822 2640 substantias
846 2604 1118 2640 continentur.
1171 2603 1391 2647 Ffriyiclum
1422 2603 1547 2638 enim.
1595 2602 1702 2638 Vere
1733 2601 1966 2637 substantia

302 2676 480 2710 mutatur
506 2674 616 2710 clrca
643 2674 862 2711 contrarIa,
899 2673 994 2718 quia
1027 2663 1146 2709 circa
1169 2672 1360 2717 frigidum
1394 2676 1435 2708 et
1467 2671 1655 2708 calidum.
1707 2671 1741 2706 A
1767 2670 1964 2716 partibus.

300 2740 537 2775 Alteratzmz
575 2740 700 2775 enim.
752 2739 861 2775 Vere
897 2739 961 2774 est
998 2740 1208 2778 mutatum,
1246 2737 1343 2782 quia
1379 2738 1443 2773 est
1482 2737 1712 2772 alteratum.
1768 2735 1802 2771 A
1835 2736 1963 2780 parte.

445 2845 460 2875 1
490 2844 689 2884 patientiae
717 2843 742 2875 A
865 2844 905 2874 13
932 2843 1045 2874 instet
1071 2843 1107 2874 ct
1132 2842 1160 2874 A
1263 2842 1304 2873 18
1333 2842 1541 2881 opponetur
1566 2840 1596 2872 A
1701 2840 1743 2872 22
1771 2839 1908 2879 apponi
1935 2838 1964 2870 A

302 2903 345 2934 25
372 2900 510 2941 tamen]
531 2904 668 2934 tantum
693 2902 718 2932 Λ
821 2901 863 2933 32
891 2910 994 2933 suum
1022 2900 1171 2940 proprie
1191 2900 1216 2932 A
1330 2900 1372 2931 3ss
1400 2899 1566 2939 Frigidus
1590 2898 1617 2929 A
1728 2897 1770 2929 37
1799 2897 1913 2938 frigus
1936 2896 1962 2927 A

303 2962 345 2993 38
373 2961 534 2992 Alterum
566 2960 591 2991 A

444 3024 453 3046 ¹
484 3025 648 3063 Abael.⁷
677 3025 809 3056 ΕΙΙιὶιά
835 3033 864 3056 c.
892 3025 910 3055 :3
939 3022 1011 3061 (PL
1040 3024 1116 3061 178,
1145 3024 1209 3054 64⁴1
1229 3022 1289 3056 Al:
1328 3048 1352 3057 ..
1376 3048 1382 3054 .
1404 3049 1410 3054 .
1434 3048 1439 3054 .
1470 3023 1508 3054 ut
1546 3022 1575 3053 si
1612 3030 1721 3053 unum
1757 3029 1858 3058 reum
1895 3020 1965 3052 duo

304 3084 541 3124 suspendant,
569 3084 628 3116 ille
657 3084 793 3123 quippe
815 3083 894 3116 zelo
917 3083 1085 3121 iustitiae,
1114 3082 1170 3114 hic
1191 3082 1364 3124 antiquae
1386 3081 1468 3112 odio
1490 3081 1718 3114 Inimicitiae,
1736 3106 1742 3112 .
1760 3078 1779 3112 .‘
1808 3079 1858 3112 Cr.
1881 3079 1902 3111 l.
1926 3088 1964 3117 c.,

306 3142 692 3183 c.11[p.6520D).
