2200 3387
171 941 202 965 10

171 1265 203 1290 15

169 1596 205 1622 20

170 1921 206 1947 25

172 2250 208 2276 80

485 251 514 281 2.
545 248 609 280 Die
637 249 793 280 Glossen
823 256 864 279 zu
894 247 962 279 deu
993 247 1225 287 lx'atogorien.
1256 265 1296 269 ἢ
1327 247 1378 278 l)e
1405 247 1621 279 substantia.
1832 245 1892 279 141

223 346 406 391 paliter
439 345 761 381 universales
795 353 909 380 esse
943 343 1182 383 iudicant,
1218 345 1259 379 ct
1286 343 1493 388 accipiunt
1522 344 1599 380 hoc
1628 353 1776 379 nomen
1806 344 1897 379 sub-

222 411 375 447 stantia
422 411 460 446 in
506 410 797 456 designatione
835 418 969 444 rerum
1009 409 1197 445 dicentes
1241 418 1309 444 res
1346 418 1453 453 quae
1490 409 1750 445 substantiae
1791 411 1896 447 sunt.

223 477 423 521 quasdam
453 475 712 512 universales
739 484 848 513 esse.
876 475 1077 519 quasdam
1101 474 1347 519 singulares,
1375 484 1425 510 ac
1447 474 1479 509 si
1509 474 1733 510 diceretur:
1763 475 1897 512 homo,

223 541 261 577 id
289 544 353 577 est
381 552 448 578 res
477 550 583 586 quae
607 541 728 576 homo
750 541 824 577 est.
847 539 928 575 alia
950 539 1209 577 universalis,
1237 539 1318 575 alia
1340 539 1612 584 particularis.
1666 540 1761 575 sed
1792 550 1899 584 pro-

223 606 354 642 iecto
383 605 530 642 nobis
557 614 637 641 res
665 604 993 640 universales
1022 614 1135 640 esse
1164 614 1257 640 non
1294 604 1477 649 placet.
1513 613 1620 648 quae
1655 604 1813 640 scilicet
1848 604 1898 639 de

223 671 406 716 pluribus
432 670 737 716 praedicentur.
774 669 878 705 sicut
905 670 944 705 in
973 669 1297 715 expositione
1331 669 1613 714 Porpliyrii¹
1654 669 1899 705 monstravi-

223 746 323 772 muS.
376 736 599 772 Praeterea
626 745 716 771 cum
747 735 910 771 dicitur:
941 735 1076 772 ,homo
1104 735 1209 771 alius
1232 735 1493 772 universalis.
1523 734 1627 770 alius
1651 734 1900 779 singularis.

222 801 400 847 qualiter
425 801 533 838 bene
560 800 717 837 dicitur.
752 810 842 836 cum
872 800 980 836 idem
1009 800 1061 836 sit
1088 800 1253 845 penitus
1281 800 1505 845 singularis
1534 800 1601 845 qui
1639 801 1702 836 est
1739 800 1901 836 univer·

223 866 351 903 salis?
402 865 483 902 Sed
510 866 690 902 fortasse
723 865 882 903 dicitur.
918 866 1027 911 quod
1060 865 1165 902 alius
1204 868 1244 902 et
1281 865 1386 901 alius
1425 875 1506 902 non
1544 865 1803 910 accipiuntur
1841 874 1901 900 se-

222 932 399 968 cundum
435 931 720 967 diversitatem
755 931 1027 968 substantiae.
1066 931 1140 967 sed
1180 931 1407 967 secundum
1447 931 1593 967 modos
1632 931 1901 976 acceptionis.

223 998 265 1033 ut
291 996 428 1042 potius
455 997 556 1039 <sit>
584 996 732 1032 divisio
761 997 876 1032 vocis
904 996 944 1032 in
974 997 1131 1034 modos.
1169 1006 1218 1032 ac
1255 997 1289 1032 si
1327 997 1384 1032 ita
1421 996 1646 1032 diceretur:
1686 1006 1753 1032 res
1791 1006 1899 1041 quae

223 1062 345 1098 homo
379 1064 454 1101 est.
488 1062 568 1098 alio
602 1062 725 1098 modo
762 1064 825 1098 est
860 1062 1121 1100 universalis.
1161 1062 1242 1098 alio
1283 1062 1517 1107 singularis,
1571 1061 1767 1098 Similiter
1811 1062 1903 1097 sub-

223 1128 377 1164 stantia
403 1128 484 1164 alio
513 1128 636 1163 modo
661 1127 810 1163 dicitur
837 1128 1098 1166 universalis.
1137 1127 1218 1163 alio
1247 1128 1520 1173 particularis.
1559 1129 1599 1163 et
1627 1129 1691 1163 est
1718 1127 1834 1163 vocis
1862 1127 1902 1163 in

222 1192 368 1227 modos
397 1191 582 1227 divisio-2
635 1191 716 1228 Sed
745 1191 923 1236 qualiter
950 1191 1075 1227 etiam
1104 1191 1253 1228 divisio
1282 1191 1412 1237 possit
1439 1201 1548 1229 esse.
1570 1191 1726 1229 nescio,
1751 1191 1902 1236 quippe

224 1257 473 1293 universalis
513 1257 748 1293 substantia
787 1257 1016 1293 secundum
1063 1266 1208 1293 eorum
1254 1257 1505 1293 sententiam
1551 1257 1685 1302 ipsum
1722 1256 1901 1293 divisum

224 1322 388 1367 penitus
416 1323 601 1358 continet
628 1332 679 1359 eo
714 1332 880 1368 quoque
914 1322 1036 1358 modo
1074 1332 1155 1367 quo
1193 1322 1399 1358 dividitur.
1451 1322 1553 1358 Nam
1590 1331 1640 1358 eo
1678 1322 1801 1358 modo
1839 1331 1905 1358 ac-

225 1390 386 1433 ceptum
425 1397 506 1433 quo
537 1388 743 1426 dividitur,
778 1388 1028 1424 universalis
1067 1389 1140 1425 est.
1182 1397 1273 1424 cum
1308 1388 1359 1424 de
1400 1387 1584 1432 pluribus
1626 1387 1902 1432 praedicetur.

224 1453 462 1489 Boethius
485 1463 650 1498 quoque
673 1453 711 1489 in
734 1454 956 1489 secundo
979 1453 1087 1489 Peri
1110 1453 1392 1489 ermenias3
1412 1453 1587 1498 primam
1610 1455 1651 1488 et
1673 1453 1901 1489 secundam

225 1518 500 1554 substantiam
528 1519 692 1564 species
721 1518 981 1554 substantiae
1010 1518 1118 1556 dicit,
1153 1518 1192 1554 id
1226 1519 1290 1554 est
1317 1518 1526 1554 inferiora.
1581 1517 1662 1554 Sed
1691 1519 1900 1563 quomodo

226 1583 357 1629 prima
383 1584 619 1620 substantia
652 1583 824 1620 inferius
859 1584 936 1620 erit
976 1584 1065 1619 eius
1093 1584 1143 1620 de
1171 1593 1252 1628 quo
1281 1583 1577 1620 universaliter
1612 1583 1906 1629 praedicatur?

224 1646 368 1684 Omnis
396 1647 505 1683 enim
538 1648 780 1686 substantia,
821 1647 859 1683 id
898 1649 962 1684 est
1002 1656 1124 1683 omne
1164 1647 1420 1683 individuum
1463 1647 1732 1685 substantiae,
1772 1647 1905 1693 prima

224 1712 456 1748 substantia
483 1714 558 1749 est.
609 1712 657 1748 Et
684 1713 894 1758 quomodo
923 1713 1109 1748 secunda
1137 1713 1371 1749 substantia
1404 1713 1445 1748 in
1471 1712 1675 1748 divisione
1709 1713 1799 1749 eius
1835 1722 1904 1758 po-

225 1779 346 1814 netur
381 1778 487 1814 sicut
520 1778 702 1816 inferius.
737 1778 848 1823 quod
885 1778 1072 1814 continet
1114 1788 1164 1814 eo
1199 1787 1365 1823 quoque
1407 1778 1530 1814 modo
1571 1780 1787 1823 acceptum
1823 1787 1903 1823 quo

225 1840 446 1878 dividitur?
497 1842 549 1877 At
576 1851 676 1878 vero
705 1842 740 1877 si
768 1842 819 1878 ad
848 1851 1001 1878 voces
1030 1842 1137 1878 hanc
1159 1842 1407 1878 divisionem
1428 1842 1672 1882 referamus,
1703 1842 1812 1878 nulla
1840 1844 1904 1878 est

225 1907 472 1945 absurditas,
500 1907 652 1952 quippe
679 1906 795 1953 [non]
823 1916 946 1943 omne
974 1907 1234 1945 vocabulum.
1263 1907 1372 1952 quod
1405 1907 1681 1943 substantiam
1717 1907 1905 1943 enuntia-

226 1972 318 2008 liter
343 1972 560 2017 significat,
588 1973 653 2008 vel
681 1972 918 2009 universale
947 1974 1012 2009 est
1039 1973 1104 2008 vel
1132 1972 1396 2018 particulare.
1447 1971 1517 2008 Est
1544 1974 1684 2009 autem
1711 1972 1817 2008 haec
1847 1972 1903 2008 di-

226 2037 330 2073 visio
357 2037 409 2074 de
437 2037 610 2074 vocibus
637 2038 847 2074 intellecta
873 2038 1100 2074 accidentis
1122 2038 1162 2074 in
1184 2038 1429 2074 accidentia.
1481 2037 1584 2074 Nam
1606 2040 1646 2074 et
1668 2037 1905 2074 substantia

226 2112 378 2140 nomen
411 2113 559 2139 vocum
593 2105 800 2149 sumptum
837 2105 902 2140 est
937 2105 978 2139 et
1016 2103 1254 2140 universale
1295 2105 1336 2140 et
1375 2104 1625 2149 particulare
1666 2104 1718 2140 ab
1759 2104 1906 2140 formis

226 2169 564 2205 accidentalibus.
616 2169 657 2205 Si
685 2170 853 2207 veroin
887 2169 1169 2206 dividentibus
1207 2170 1467 2206 substantiae
1505 2179 1658 2206 nomen
1692 2171 1907 2215 repetatur

228 2236 271 2271 ut
297 2234 474 2270 dicatur:
503 2235 748 2273 ‚substantia
774 2235 856 2271 alia
882 2237 947 2271 est
971 2235 1205 2271 substantia
1225 2235 1487 2273 universalis.
1516 2235 1598 2271 alia
1620 2235 1906 2281 particularis.

228 2301 468 2346 irregularis
496 2299 657 2339 divisio,
685 2301 811 2337 veluti
839 2300 874 2336 si
902 2301 1063 2337 dicatur
1089 2301 1152 2337 vir
1178 2301 1283 2337 alius
1312 2303 1376 2337 est
1402 2301 1466 2336 vir
1493 2301 1681 2347 vigilans.
1710 2301 1816 2337 alius
1846 2301 1910 2336 vir

229 2366 451 2403 dormiens.
496 2365 542 2401 Et
562 2366 788 2407 attende,
819 2366 928 2411 quod
949 2366 1177 2402 secundum
1199 2366 1314 2402 vocis
1336 2366 1635 2412 proprietatem
1657 2367 1764 2402 bene
1786 2366 1907 2411 parti-

229 2431 393 2468 culares
421 2433 544 2467 vocat
571 2431 726 2476 primas
754 2431 1023 2469 substantias.
1051 2432 1279 2468 secundum
1307 2431 1468 2468 scilicet
1489 2431 1721 2477 digniorem
1743 2431 1906 2467 modum

231 2496 504 2542 significandi.
532 2497 575 2532 ut
602 2496 921 2532 determinatum
943 2498 1018 2537 est,
1046 2497 1309 2533 universales
1335 2506 1436 2533 vero
1465 2497 1685 2533 secundas.
1739 2496 1781 2533 Si
1808 2506 1908 2533 vero

176 2562 283 2599 35ad
324 2564 496 2598 naturas
541 2570 679 2597 rerum
715 2562 1014 2602 consideraret.
1051 2562 1309 2598 universalia
1345 2562 1550 2598 vocabula
1587 2562 1720 2607 prima
1755 2572 1908 2598 vocare

231 2628 415 2667 deberet,
443 2636 550 2672 quae
577 2626 736 2663 scilicet
763 2636 848 2663 rem
878 2627 917 2663 in
946 2629 1054 2664 statu
1082 2628 1328 2664 naturaliter
1355 2628 1481 2673 priori
1513 2628 1758 2673 significant.
1788 2628 1909 2673 parti-

233 2692 389 2728 cularia
416 2701 518 2728 vero
546 2692 742 2728 secunda.

374 2756 503 2798 Quasi
531 2758 669 2793 autem
698 2757 806 2794 banc
833 2758 1077 2794 divisionem
1106 2758 1395 2803 praemisisset
1423 2758 1631 2794 nominum
1661 2757 1909 2794 substantia—

379 2891 419 2922 lli
447 2899 491 2922 eo
520 2899 592 2930 quo
620 2890 727 2923 modo
754 2892 946 2931 acceptum
977 2891 1004 2923 A
1166 2892 1208 2923 2ss
1238 2891 1458 2923 universalis
1485 2891 1511 2922 A
1650 2872 1716 2921 ‘30
1745 2892 1778 2923 in
1807 2891 1851 2923 al.
1879 2891 1905 2923 A

235 2951 278 2981 36
308 2950 442 2982 debent
467 2949 496 2982 A
526 2958 600 2982 rem
629 2959 667 2982 rc
695 2950 723 2982 A

380 3020 388 3042 ¹
419 3022 471 3054 Cr.
500 3029 622 3062 supra
653 3018 691 3053 ῖη
722 3021 869 3054 Glossis
895 3031 1011 3062 super
1038 3022 1188 3063 I'orplz..
1218 3031 1251 3062 p.
1284 3023 1324 3053 10
1340 3030 1423 3062 sqq.

376 3080 390 3101 ²
420 3081 471 3112 Cr.
499 3089 621 3121 supra
649 3080 670 3112 I.
699 3090 739 3117 (·.,
768 3090 800 3121 p.
830 3079 925 3113 06²².

377 3139 391 3159 ³¹
419 3140 579 3177 Boseth..
610 3139 650 3171 In
681 3139 764 3171 libr.
797 3140 907 3172 Arist.
941 3137 1032 3182 Περὶ
1062 3140 1141 3182 “9³¹-
1171 3140 1192 3171 I.
1222 3150 1260 3175 e..
1290 3140 1312 3176 1,
1342 3149 1375 3181 p.
1404 3141 1482 3174 2⁰⁴5.
1513 3140 1549 3175 ΙΙ,
1579 3149 1611 3180 p.
1642 3141 1718 3172 4153.
