2200 3387
291 222 329 255 12
696 224 801 255 Peter
829 224 1031 255 Abaelards
1061 223 1191 263 hoglon
1220 223 1545 263 .lngredicntibus‘.

282 320 326 355 Et
355 330 452 355 vere
476 320 669 355 Socrates
691 323 729 355 et
752 320 960 355 burnellus
980 321 1073 355 sunt
1095 320 1302 359 Socrates,
1330 321 1427 364 quia
1447 319 1641 356 Socrates
1663 321 1727 356 est
1746 320 1942 357 Socrates

283 386 320 418 et
349 383 568 419 burnellus.
598 383 692 427 quia
720 383 877 419 scilicet
905 383 1098 419 Socrates
1127 385 1191 419 θεῖ
1218 383 1412 419 Socrates
1447 386 1487 419 et
1520 384 1714 420 Socrates
1752 385 1816 420 est
1853 385 1942 419 bur-

283 448 424 483 nellus
477 448 593 487 Quod
622 447 817 483 Socrates
845 448 895 483 sit
930 448 1151 487 burnellus
1186 449 1244 484 sic
1278 450 1531 484 monstratur
1566 449 1794 485 secundum
1833 449 1941 484 illam

281 513 547 548 sententiam:
588 512 788 557 Quicquid
817 514 879 548 est
913 513 951 548 in
981 513 1152 549 Socrate
1180 514 1288 549 aliud
1317 524 1341 549 a
1367 513 1509 549 formis
1537 513 1730 552 Socratis.
1759 515 1821 549 est
1846 513 1942 550 illud

281 577 389 621 quod
425 580 485 613 est
522 578 559 612 in
598 578 783 613 burnello
821 578 928 613 aliud
967 588 990 613 a
1029 578 1172 613 formis
1210 578 1395 614 burnelli.
1448 578 1527 614 Sed
1567 578 1758 622 quicquid
1798 579 1863 614 est
1901 578 1977 614 inf.

282 642 466 676 burnello
494 641 602 677 aliud
631 651 653 676 a
691 641 832 677 formis
867 642 1052 679 burnelli.
1090 644 1153 677 est
1189 643 1410 677 burnellus.
1463 642 1663 687 Quicquid
1699 643 1761 677 est
1796 642 1835 677 in
1873 642 1943 678 So-

281 708 393 741 crate
434 706 540 741 aliud
582 716 605 741 a
646 706 788 741 formis
823 706 1017 745 Socratis,
1057 709 1119 742 est
1155 707 1377 742 burnellus.
1429 706 1510 742 Sed
1551 707 1585 742 si
1619 707 1698 742 hoc
1737 708 1811 747 est,
1851 717 1942 743 eum

282 769 367 814 ipse
405 770 600 805 Socrates
637 770 689 805 sit
725 770 818 805 illud
857 770 963 815 quod
999 770 1108 805 aliud
1145 773 1207 806 est
1246 781 1270 806 a
1306 770 1448 806 formis
1486 770 1681 811 Socratis
1720 772 1816 806 tunc
1854 771 1942 816 ipse

281 834 475 870 Socrates
511 837 574 870 est
614 835 835 870 burnellus.
897 835 1014 874 Quod
1049 844 1191 870 verum
1231 835 1283 871 sit
1319 837 1454 871 autem
1496 835 1534 870 id
1575 835 1683 879 quod
1719 845 1846 880 supra
1881 845 1942 871 as-

281 898 542 943 sumpsimus.
571 898 727 934 scilicet
754 898 946 943 quicquid
981 901 1045 934 est
1078 899 1116 934 in
1152 899 1337 934 burnello
1374 899 1483 934 aliud
1520 909 1544 934 a
1579 899 1720 934 formis
1757 899 1940 940 burnelli‚
1964 913 1996 938 10

281 966 343 998 est
371 963 591 999 burnellus.
621 963 714 998 inde
744 964 1006 999 manifestum
1035 965 1108 1002 est.
1143 964 1238 1008 quia
1276 973 1410 1008 neque
1448 964 1604 999 formae
1641 964 1813 1000 burnelli
1849 965 1943 1000 sunt

281 1027 502 1062 burnellus.
532 1036 622 1062 eum
653 1026 731 1061 iam
760 1026 992 1062 accidentia
1020 1029 1163 1062 essent
1195 1027 1435 1067 substantia,
1464 1037 1598 1071 neque
1626 1027 1799 1063 materia
1825 1028 1942 1063 simul

281 1093 320 1126 et
341 1091 499 1126 formae
522 1091 694 1126 burnelli
717 1094 813 1126 sunt
840 1092 1063 1130 burnellus.
1091 1102 1182 1127 cum
1204 1091 1285 1127 iam
1313 1101 1463 1136 corpus
1492 1093 1532 1127 et
1558 1102 1640 1127 non
1668 1102 1818 1137 corpus
1846 1102 1941 1128 esse

279 1164 429 1199 corpus
458 1164 632 1190 necesse
661 1156 774 1190 essct
801 1154 1002 1190 confiteri.

421 1220 540 1255 Sunt
565 1220 643 1264 qui
666 1220 878 1265 diffugium
901 1222 1152 1264 quaerentes
1168 1221 1297 1257 verba
1317 1222 1472 1257 tantum
1496 1221 1797 1257 calumnientur
1821 1221 1941 1258 huius
1964 1235 1996 1260 15

279 1284 575 1329 propositionis
596 1285 758 1321 ‚animal
786 1285 988 1321 rationale
1010 1287 1073 1321 est
1100 1286 1251 1321 animal
1278 1286 1542 1327 irrationale‘‚
1569 1296 1651 1322 non
1680 1286 1941 1328 sententiam,

280 1350 465 1385 dicentes
492 1350 656 1394 quidem
683 1350 721 1385 id
744 1352 960 1395 utrumque
989 1360 1096 1391 esse,
1125 1361 1207 1386 non
1229 1353 1367 1387 tamen
1394 1361 1469 1396 per
1489 1352 1594 1387 haec
1620 1352 1751 1387 verba
1775 1351 1941 1396 proprie

279 1415 357 1450 hoc
379 1415 552 1450 ostendi.
581 1414 743 1453 ,animal
765 1415 966 1451 rationale
989 1417 1053 1451 est
1073 1416 1225 1451 animal
1245 1416 1507 1455 irrationale‘.
1535 1426 1625 1452 cum
1644 1416 1837 1452 videlicet
1862 1426 1941 1459 res,

280 1480 356 1515 etsi
392 1479 550 1517 eadem.
585 1479 749 1516 aliunde
783 1480 1007 1519 rationalis.
1047 1481 1212 1517 aliunde
1246 1481 1495 1517 irrationalis
1529 1481 1698 1522 dicatur,
1731 1491 1785 1517 ex
1818 1491 1943 1527 oppo-

279 1544 366 1580 sitis
387 1544 545 1580 scilicet
564 1544 718 1580 formis.
757 1544 836 1581 Sed
860 1545 939 1581 iam
960 1546 1147 1590 profecto
1170 1546 1471 1591 oppositionem
1492 1547 1651 1582 formae
1672 1556 1754 1582 non
1776 1546 1940 1588 habent,
1961 1559 1996 1583 20

279 1619 385 1654 quae
408 1609 468 1645 eis
492 1610 652 1653 penitus
673 1609 792 1645 simul
808 1610 1095 1651 adhaererent,
1118 1621 1195 1647 nec
1216 1611 1309 1647 ideo
1331 1612 1406 1647 has
1427 1611 1733 1656 propositiones
1748 1611 1941 1648 calumni-

280 1677 401 1709 antur
416 1674 578 1711 ,animal
600 1674 802 1711 rationale
825 1677 889 1711 est
909 1675 1061 1711 animal
1078 1677 1261 1712 mortale*
1285 1677 1350 1712 vel
1367 1676 1530 1712 ,animal
1546 1677 1681 1712 album
1704 1677 1768 1712 est
1788 1676 1941 1713 animal

280 1739 519 1779 ambulans.
535 1739 633 1784 quia
647 1750 728 1775 non
745 1740 785 1775 in
802 1750 852 1776 eo
874 1741 982 1785 quod
999 1740 1202 1776 rationale
1219 1742 1293 1780 est,
1316 1742 1488 1777 mortale
1505 1743 1579 1781 est,
1600 1751 1682 1777 non
1704 1741 1743 1777 in
1765 1751 1816 1777 eo
1832 1741 1940 1787 quod

279 1803 412 1838 album
436 1805 510 1844 est,
533 1804 724 1843 ambulat,
747 1805 820 1840 sed
844 1814 916 1840 eas
942 1805 1108 1840 omnino
1130 1814 1203 1849 pro
1226 1805 1336 1840 veris
1358 1805 1522 1846 habent,
1545 1805 1642 1850 quia
1659 1805 1767 1841 idem
1789 1805 1941 1841 animal

279 1870 495 1913 utrumque
511 1868 629 1904 simul
645 1869 780 1907 habet.
794 1869 982 1914 quamvis
996 1869 1163 1905 diversa
1178 1869 1350 1905 ratione.
1366 1870 1557 1914 Alioquin
1568 1871 1608 1905 et
1623 1871 1775 1906 nullum
1787 1870 1939 1906 animal
1959 1883 1993 1908 25

278 1932 482 1969 hominem
510 1943 606 1969 esse
634 1934 940 1971 confiterentur.
969 1944 1059 1970 cum
1081 1935 1177 1970 nihil
1198 1935 1238 1970 in
1260 1944 1310 1970 eo
1333 1935 1440 1979 quod
1465 1935 1617 1971 animal
1639 1937 1712 1975 θεῖ,
1733 1935 1856 1971 homo
1877 1935 1938 1971 sit.

418 1998 688 2034 Praeterea
716 1999 942 2034 secundum
971 1999 1219 2044 positionem
1247 2000 1504 2044 praemissae
1533 1999 1767 2036 sententiae
1795 2000 1938 2036 decem

278 2064 434 2098 tantum
469 2063 646 2099 omnium
675 2074 811 2099 rerum
845 2066 940 2100 sunt
976 2064 1199 2103 essentiae.
1237 2065 1381 2100 decem
1418 2065 1575 2100 scilicet
1611 2064 1937 2110 generalissima,

277 2127 373 2171 quia
394 2127 433 2163 in
455 2128 623 2172 singulis
644 2129 990 2173 praedicamentis
1013 2139 1095 2165 una
1116 2131 1271 2165 tantum
1294 2130 1479 2166 essentia
1500 2130 1715 2175 reperitur,
1737 2139 1843 2175 quae
1864 2140 1939 2175 per

277 2191 432 2227 formas
460 2195 617 2228 tantum
657 2193 906 2231 inferiorum.
946 2197 988 2230 ut
1028 2195 1177 2230 dictum
1214 2197 1288 2235 est,
1326 2195 1632 2231 diversificatur
1668 2205 1717 2231 ac
1750 2195 1839 2231 sine
1876 2195 1937 2231 eis
1957 2212 1992 2236 30

279 2256 429 2292 nullam
457 2257 630 2293 haberet
656 2258 913 2294 varietatem.
965 2258 1077 2294 Sicut
1104 2268 1203 2304 ergo
1232 2269 1377 2295 omnes
1406 2260 1665 2295 substantiae
1699 2260 1807 2295 idem
1844 2261 1939 2296 sunt

279 2321 452 2364 penitus.
482 2321 540 2357 sic
569 2332 714 2358 omnes
743 2323 963 2367 qualitates
991 2325 1031 2359 et
1059 2323 1312 2368 quantitates
1340 2326 1415 2360 etc.
1467 2324 1567 2360 Cum
1595 2325 1718 2370 igitur
1744 2324 1939 2361 Socrates

279 2388 319 2420 et
345 2385 458 2421 Plato
487 2396 555 2422 res
584 2387 835 2433 singulorum
866 2388 1296 2433 praedicamentorum
1326 2389 1363 2424 in
1393 2399 1438 2425 se
1466 2390 1658 2431 habeant,
1685 2390 1802 2434 ipsae
1836 2399 1936 2426 vero

277 2450 440 2496 penitus
469 2452 640 2488 eaedem
669 2452 761 2494 sint,
789 2463 934 2489 omnes
961 2453 1120 2489 formae
1148 2454 1267 2489 unius
1296 2455 1391 2489 sunt
1425 2454 1606 2495 alterius,
1641 2464 1746 2499 quae
1782 2464 1860 2491 nec
1896 2454 1936 2490 in

277 2525 320 2551 se
349 2516 516 2552 diversa
537 2519 631 2552 sunt
658 2517 696 2552 in
720 2518 913 2557 essentia,
941 2518 1047 2554 sicut
1075 2528 1151 2554 nec
1178 2519 1436 2555 substantiae
1458 2519 1606 2564 quibus
1626 2520 1866 2560 adhaerent,
1895 2521 1938 2556 ut
1956 2536 1990 2560 35

278 2581 453 2626 qualitas
476 2582 594 2617 unius
623 2583 662 2617 et
689 2583 865 2626 qualitas
893 2583 1072 2624 alterius,
1101 2593 1189 2619 cum
1216 2585 1389 2628 utraque
1418 2583 1470 2618 sit
1496 2584 1683 2628 qualitas.
1721 2585 1809 2620 Non
1837 2594 1936 2630 ergo

278 2646 408 2691 magis
437 2656 489 2682 ex
523 2647 763 2690 qualitatum
785 2649 933 2683 natura
960 2648 1113 2684 diversi
1143 2650 1238 2683 sunt
1264 2658 1384 2693 quarn
1414 2658 1466 2683 cx
1488 2650 1636 2684 natura
1666 2649 1935 2691 substantiae,

277 2711 372 2755 quia
394 2712 651 2747 substantiae
676 2722 817 2748 eorum
845 2722 928 2749 una
954 2715 1018 2748 est
1051 2713 1235 2749 essentia
1269 2713 1375 2749 sicut
1407 2713 1530 2748 etiam
1560 2713 1812 2758 qualitatum.
1862 2714 1937 2750 Ea-

277 2776 368 2811 dem
394 2776 552 2812 ratione
578 2787 655 2812 nec
677 2777 896 2822 quantitas,
919 2787 1009 2813 cum
1032 2778 1083 2813 sit
1108 2778 1267 2819 eadem,
1283 2778 1559 2813 differentiam
1578 2778 1677 2814 facit
1698 2788 1775 2814 nec
1795 2780 1936 2815 cetera

277 2841 626 2885 praedicamenta.
685 2842 821 2882 Quare
862 2852 939 2878 nec
975 2852 1028 2878 ex
1063 2843 1206 2878 formis
1243 2843 1324 2878 ulla
1364 2844 1502 2887 potest
1544 2852 1639 2879 esse
1688 2843 1933 2885 differentia,
1955 2857 1990 2882 40

277 2915 383 2949 quae
426 2915 502 2941 nec
534 2906 574 2942 in
611 2917 656 2942 se
685 2907 877 2943 diversae
905 2910 999 2943 sunt
1026 2907 1132 2943 sicut
1159 2917 1236 2943 nec
1263 2907 1533 2943 substantiae.

420 3034 522 3065 13-14
552 3035 620 3065 iam
661 3043 794 3074 corpus
834 3044 917 3067 esse
954 3044 1087 3074 corpus
1126 3035 1329 3067 necesseA
1477 3036 1582 3067 21-22
1619 3034 1931 3067 calumnienturA

277 3092 319 3122 25
349 3092 455 3123 ullum
481 3092 506 3123 A
607 3094 648 3124 27
677 3092 896 3132 sententiae}
925 3102 990 3125 seu
1011 3094 1037 3125 Α
1141 3094 1183 3125 38
1211 3094 1263 3125 sic
1290 3093 1330 3125 A.
