2200 3387
155 915 187 940 10

156 1239 188 1263 15

153 1557 188 1582 20

154 2213 176 2236 31
183 2216 188 2234 t

189 2506 206 2519 Ο

156 2530 190 2555 85

566 225 593 255 1.
623 223 688 254 Die
715 223 870 255 (ilossen
900 231 941 254 zu
973 221 1205 262 Porphyrius.
1235 237 1277 241 —
1307 223 1358 254 l)e
1385 223 1522 262 spen-ie.
1833 220 1878 253 49

207 318 538 355 Anastasius¹
569 320 621 355 ad
650 319 848 355 unitatem
879 328 1086 363 personae
1113 317 1262 354 Christi
1291 328 1343 354 ex
1372 319 1586 354 divinitate
1621 320 1661 354 et
1696 318 1878 354 humani-

208 385 292 420 tate
333 384 580 420 coniunctae
621 384 927 419 similitudinem
971 392 1024 419 ex
1059 383 1215 418 unitate
1249 383 1466 427 compositi
1507 383 1683 419 hominis
1725 383 1878 419 inducit

207 448 369 484 dicens:
399 449 509 487 ‚Nam
538 449 642 485 sicut
669 449 807 484 anima
836 448 1049 484 rationalis
1077 450 1117 483 et
1146 457 1242 483 caro
1281 457 1385 483 unus
1420 450 1483 484 est
1517 449 1650 485 homo.
1687 449 1742 484 ita
1775 449 1878 484 deus

207 516 248 549 et
275 514 397 550 homo
426 523 531 550 unus
560 516 624 550 est
650 513 860 549 Christus:
902 512 1001 549 Cum
1030 522 1131 558 ergo
1160 513 1282 548 liomo
1315 513 1571 557 compositus
1607 524 1688 549 una
1722 514 1772 550 sit
1807 524 1880 559 per

211 581 401 615 naturam
429 578 672 616 substantia.
711 578 820 614 nullo
848 578 971 614 modo
1000 587 1074 622 per
1100 587 1344 623 corpoream
1385 580 1425 613 et
1461 578 1749 622 incorpoream
1786 580 1879 615 sub-

208 644 404 680 stantiam
428 643 552 680 dividi
573 643 833 679 sufficienter
860 643 1061 680 volumus.
1083 643 1159 678 nisi
1181 643 1272 688 quis
1300 643 1406 679 forte
1434 643 1725 688 incorporeum
1748 644 1879 680 infini-

207 711 290 745 tum
313 709 504 754 corporei
527 708 737 753 intelligat.
759 708 798 744 id
815 711 878 744 est
895 718 987 747 ,non
1004 729 1049 733 —
1062 714 1239 753 corpus.
1252 708 1361 753 quod
1379 708 1586 744 hominem
1604 710 1877 754 compositum

207 774 402 810 continet.
455 773 536 810 Sed
566 783 643 809 nec
669 773 760 818 ipse
787 772 1092 818 Porphyrius
1115 773 1222 809 hanc
1244 773 1490 809 divisionem
1512 773 1635 818 ponit.
1659 775 1767 819 quod
1788 775 1879 810 sub-

207 839 362 874 stantia
388 839 470 874 alia
496 847 713 883 corporea.
742 838 824 874 alia
851 838 1110 883 incorporea.
1145 838 1219 874 sed
1254 848 1336 874 una
1370 838 1696 883 praedicamenti
1729 842 1879 875 catena

208 906 314 940 sunt.
341 903 451 948 quod
479 904 530 939 ad
559 895 877 939 ostendendum
899 903 1154 948 propositum
1190 903 1353 939 sufficit.
1390 913 1497 948 quae
1531 904 1689 940 scilicet
1721 905 1879 949 specia-

206 968 364 1004 lissima
391 968 482 1009 sint,
510 977 618 1014 quae
646 978 740 1004 non.

351 1033 397 1068 ΕΙ
426 1042 560 1069 omne.
613 1032 764 1069 Probat
799 1042 824 1068 a
860 1034 958 1070 toto,
995 1033 1105 1077 quod
1142 1033 1265 1069 homo
1299 1035 1364 1069 est
1400 1033 1755 1078 specialissimum.
1784 1034 1880 1079 quia

207 1107 330 1134 omne
358 1098 591 1143 proximum
630 1099 727 1134 ante
761 1097 984 1134 individua.
1038 1098 1254 1134 individua
1286 1099 1410 1134 vocat
1436 1098 1508 1142 hic
1542 1099 1879 1144 praedicamenti.

207 1172 315 1208 quae
343 1163 502 1199 scilicet
528 1164 699 1208 propter
726 1163 1018 1199 discretionem
1054 1163 1313 1199 substantiae
1349 1165 1507 1199 tantum
1544 1164 1738 1209 imposita
1774 1167 1879 1202 sunt.

209 1228 361 1264 nullum
391 1227 587 1264 accidens
615 1228 815 1266 notantia.
844 1229 886 1264 ut
908 1230 972 1264 est
991 1228 1069 1264 hoc
1090 1227 1242 1264 animal
1264 1229 1330 1264 vel
1353 1228 1417 1264 hic
1438 1228 1560 1265 homo
1583 1230 1647 1265 vel
1670 1228 1879 1268 Socrates,

207 1293 360 1338 quippe
387 1293 466 1329 hoc
498 1293 634 1329 album
657 1293 721 1329 vel
751 1293 815 1329 hic
846 1293 970 1329 homo
1004 1293 1122 1329 albus
1153 1293 1231 1329 hoc
1262 1303 1344 1329 non
1374 1293 1510 1330 habet.
1564 1293 1757 1330 Proxima
1783 1296 1879 1330 ante

208 1356 421 1394 individua
457 1367 507 1394 ea
541 1357 648 1395 dicit.
682 1367 790 1402 quae
824 1357 886 1394 eis
920 1359 963 1393 ut
996 1357 1216 1403 superiora
1246 1357 1532 1403 praeiacentia
1564 1358 1695 1404 magis
1732 1358 1881 1394 similia

208 1423 303 1457 sunt
330 1421 432 1466 ipsis
459 1430 513 1457 ex
540 1422 662 1458 modo
690 1421 1018 1467 significationis.
1070 1421 1169 1457 Cum
1195 1421 1304 1457 enim
1325 1421 1543 1460 „Socrates‘
1566 1422 1645 1458 hoc
1665 1431 1817 1467 corpus
1839 1422 1879 1458 in

208 1488 295 1522 tota
322 1486 557 1523 substantia
589 1496 666 1522 sua
699 1487 870 1523 denotet
906 1488 947 1522 et
983 1486 1260 1531 personaliter
1296 1486 1556 1527 determinet,
1593 1487 1690 1532 quia
1726 1487 1763 1523 ei
1804 1488 1881 1524 soli

208 1551 415 1591 convenit.
443 1551 575 1598 magis
609 1561 662 1588 ex
700 1551 822 1587 modo
857 1551 1176 1597 significationis
1213 1551 1378 1597 species
1413 1551 1452 1588 ei
1484 1552 1629 1589 similis
1665 1555 1730 1589 est
1756 1562 1879 1598 quam

208 1616 318 1653 aliud
346 1617 606 1657 vocabulum,
644 1625 751 1661 quae
789 1616 948 1652 scilicet
985 1618 1111 1652 totam
1150 1616 1240 1652 eius
1277 1617 1553 1653 substantiam
1590 1617 1647 1653 ita
1684 1617 1879 1655 continet.

208 1683 250 1717 ut
277 1682 487 1727 personali
513 1682 673 1718 tantum
700 1681 953 1718 discretione
976 1682 1027 1718 ab
1056 1691 1106 1717 eo
1129 1681 1304 1718 differat.
1357 1681 1461 1718 Nihil
1484 1682 1636 1728 quippe
1659 1681 1878 1722 ‚Socrates

209 1745 260 1781 de
287 1745 421 1782 forma
447 1745 586 1791 aliqua
612 1746 678 1781 vel
706 1745 757 1782 de
786 1747 934 1781 natura
961 1745 1220 1785 determinat.
1248 1745 1328 1782 nisi
1356 1755 1479 1791 quam
1517 1746 1662 1784 ‚homo‘
1698 1746 1879 1784 denotat.

209 1810 283 1846 sed
311 1810 351 1846 in
382 1810 504 1847 modo
536 1812 694 1846 tantum
725 1810 960 1855 personalis
991 1810 1254 1846 discretionis
1285 1811 1338 1846 ab
1360 1820 1410 1847 eo
1433 1810 1580 1847 differt.
1632 1811 1719 1847 Hoc
1740 1813 1878 1848 autem

175 1885 188 1907 r·
209 1875 331 1911 modo
347 1875 657 1912 Aristoteles
679 1876 718 1911 in
735 1875 1058 1912 Substantia²
1078 1875 1418 1921 propinquiorem
1440 1876 1598 1921 primae
1621 1877 1880 1913 substantiae

208 1940 391 1985 speciem
413 1940 511 1977 dicit
532 1950 654 1986 quam
669 1950 815 1987 genus.
836 1940 876 1976 id
892 1942 956 1977 est
972 1941 1104 1986 magis
1119 1940 1172 1976 ad
1187 1940 1537 1986 significationem
1553 1941 1643 1977 eius
1665 1942 1879 1979 accedere.

349 2005 391 2042 Si
411 2006 503 2051 quis
525 2008 664 2043 autem
686 2008 907 2052 opponat
927 2006 1119 2042 animalis
1141 2015 1294 2042 nomen
1315 2006 1550 2052 proximum
1575 2016 1672 2044 esse
1700 2009 1796 2044 ante
1824 2007 1880 2043 in-

208 2071 394 2107 dividua:
422 2071 511 2112 ‚hoc
532 2071 695 2108 animal·
719 2073 760 2107 et
780 2081 863 2107 non
884 2080 1036 2108 nomen
1059 2071 1247 2113 hominis,
1269 2071 1431 2111 fallitur.
1456 2071 1580 2108 immo
1602 2072 1734 2119 magis
1756 2073 1879 2108 homo

208 2136 261 2173 ad
288 2136 635 2183 significationem
662 2137 783 2173 huius
819 2136 1012 2177 nominis,
1040 2136 1149 2182 quod
1177 2138 1242 2173 est
1273 2137 1544 2179 hocanimal,
1577 2137 1750 2177 accedit,
1786 2138 1881 2174 licet

208 2202 287 2238 hoc
320 2202 472 2238 animal
506 2202 560 2238 nil
594 2202 645 2238 de
684 2203 834 2238 natura
872 2202 1050 2238 hominis
1091 2202 1349 2238 determinet.
1402 2201 1566 2242 Quanto
1606 2203 1715 2239 enim
1756 2203 1879 2239 homo

208 2267 408 2312 pauciora
434 2267 619 2304 nominet
640 2276 762 2312 quam
790 2267 954 2305 animal.
982 2269 1098 2303 tanto
1127 2267 1262 2303 minus
1289 2267 1502 2303 confusam
1531 2267 1879 2314 significationem

209 2332 334 2368 habet
349 2333 389 2368 et
404 2332 536 2378 magis
550 2332 602 2369 ad
618 2332 944 2368 nominationem
961 2332 1226 2377 personalem
1246 2332 1465 2368 cuiuslibet
1485 2332 1684 2369 individui
1705 2333 1878 2370 accedit.

210 2396 580 2440 Quemadmodum
632 2397 773 2442 mitur.
847 2397 1192 2442 Quandoquidem
1230 2406 1352 2433 omne
1398 2398 1507 2442 quod
1545 2400 1609 2434 est
1645 2399 1877 2443 proximum

209 2464 305 2498 ante
327 2461 550 2501 individua.
577 2465 643 2499 est
669 2463 801 2499 solum
832 2462 1008 2508 species.
1061 2463 1185 2509 Igitur
1209 2463 1332 2499 homo
1353 2463 1431 2499 erit
1461 2463 1593 2499 solum
1616 2463 1781 2509 species
1803 2466 1880 2500 etc.

211 2526 330 2567 Quod
357 2536 381 2563 a
407 2527 527 2563 simili
555 2527 675 2572 quasi
703 2537 777 2573 per
803 2528 1055 2564 contrarium
1085 2528 1267 2564 ostendit
1294 2528 1361 2566 ita.
1394 2528 1503 2573 quod
1532 2528 1879 2573 quemadmodum

210 2592 444 2628 substantia
471 2593 842 2638 generalissimum.
871 2593 968 2638 quia
993 2593 1157 2638 species
1183 2603 1261 2629 non
1286 2593 1412 2629 habet
1432 2602 1557 2638 supra
1585 2603 1643 2632 se.
1670 2593 1730 2629 sic
1758 2594 1880 2630 homo

210 2655 564 2701 specialissimum.
593 2657 689 2702 quia
716 2657 900 2702 speciem
928 2666 1011 2693 non
1049 2658 1174 2694 habet
1208 2659 1301 2703 post
1334 2667 1392 2695 se.
1427 2658 1500 2693 sed
1534 2657 1623 2693 sola
1656 2657 1879 2693 individua.

211 2720 330 2758 Sola*
351 2721 403 2757 ad
425 2721 710 2758 exclusionem
733 2721 890 2767 speciei
912 2722 1018 2758 dicit.
1073 2722 1363 2758 Iudievicluum.
1417 2721 1524 2758 Vere
1551 2722 1763 2758 individua
1786 2725 1879 2758 sunt

211 2788 305 2831 post
332 2785 551 2824 hominem,
579 2786 676 2831 quia
703 2787 792 2823 ista.
822 2789 861 2823 et
889 2787 998 2823 unde
1026 2787 1114 2825 hoc.
1143 2787 1339 2832 assignat.
1369 2787 1465 2831 quia
1498 2787 1655 2823 scilicet
1682 2787 1759 2823 ista
1786 2790 1880 2823 sunt

353 2912 413 2946 6-7
436 2914 576 2946 infinite
598 2913 744 2954 corpori
764 2913 791 2946 Α
909 2914 928 2945 9
950 2923 1057 2946 unam
1083 2914 1370 2954 praedicamenti
1392 2915 1559 2946 catenam
1581 2913 1610 2946 A
1731 2914 1771 2946 16
1793 2912 1880 2954 non}

211 2981 344 3006 nomen
366 2973 395 3006 A
447 2973 616 3014 proximo
637 2972 665 3005 A
749 2973 791 3004 34
814 2973 942 3004 solum.
995 2973 1147 3013 Species
1168 2974 1194 3006 Λ
1226 2974 1305 3005 sola
1327 2973 1476 3009 Boeth.,·
1502 2973 1568 3005 sed
1587 2973 1665 3006 eod.
1689 2973 1737 3006 R:
1762 2974 1879 3006 Solum

212 3021 255 3051 :38
283 3020 505 3053 individuum
533 3021 617 3053 sunt
642 3020 671 3052 A

356 3091 364 3113 ¹
393 3089 617 3131 Symbolum
646 3091 959 3124 Athamas-ianam
1044 3091 1059 3112 '—’
1087 3091 1245 3128 Boeth..
1269 3092 1310 3124 lu
1335 3093 1458 3132 (ἀίιῃ.
1481 3092 1593 3124 Arist.
1617 3092 1671 3125 PL
1693 3093 1746 3129 (34,
1766 3092 1879 3131 186ss⁸

284 3158 397 3186 Beitr.
419 3159 490 3186 xxi.
530 3160 669 3192 Geyer,
693 3158 862 3185 Abnelurds
883 3158 989 3192 philos.
1011 3158 1171 3185 Sclnriitvn.
1720 3159 1736 3189 4

1906 2378 2038 2413 Boetli.

1907 2436 1939 2470 p.
1954 2426 2019 2460 211
2038 2429 2065 2450 ¹⁵
