2200 3387
290 247 358 280 245¹!
694 247 799 279 l'eter
828 247 1030 278 ,xbaelards
1059 247 1193 287 Logica
1223 244 1547 286 .lugredieutibus‘.

290 345 367 380 suit
397 355 418 379 a
450 343 799 389 praedicamentis
827 352 908 379 non
944 343 1092 379 aliena.
1146 342 1262 383 Quod
1301 342 1409 378 enim
1446 342 1487 378 in
1524 341 1874 387 praedicamentis
1911 342 1961 378 de

291 409 466 453 quadam
492 408 632 453 specie
656 407 952 453 oppositorum.
981 407 1019 443 id
1043 410 1106 444 est
1126 407 1176 443 de
1198 406 1427 447 contrariis,
1450 406 1690 451 frequenter
1710 406 1960 443 mentionem

290 476 457 510 fecerat.
492 483 583 509 cum
612 473 805 510 videlicet
833 473 1086 518 singulorum
1120 472 1552 517 praedicamentorum
1590 471 1868 517 proprietates
1906 472 1961 508 in-

290 537 519 582 vestigaret
547 538 688 573 dicens
718 537 961 573 substantiis
990 539 1029 572 et
1058 535 1357 580 quantitatibus
1392 537 1431 571 et
1466 535 1738 571 relationibus
1774 535 1828 571 nil
1867 544 1962 572 esse

291 603 554 640 contrarium.
571 602 836 647 qualitatibus
851 611 950 638 vero
967 602 1106 637 inesse
1123 601 1474 639 contrarietatem,
1490 600 1643 637 idcirco
1659 599 1792 646 gratia
1804 601 1964 637 contra·
1986 607 2000 632 5

290 668 443 704 riorum
471 667 722 713 generaliter
750 667 799 703 de
822 667 1023 712 oppositis
1053 668 1210 703 tractat.
1263 666 1305 702 ln
1329 665 1395 702 Ad
1417 665 1608 711 aliquid
1638 674 1737 701 vero
1760 665 1811 701 de
1834 664 1962 702 Priori

292 737 330 769 et
347 732 473 769 Simul
496 733 746 769 mentionem
771 732 868 768 facit
891 732 1056 768 dicens¹
1090 732 1148 767 Ad
1165 731 1318 776 aliquid
1335 731 1455 767 simul
1471 739 1567 767 esse
1591 732 1740 767 natura
1760 732 1800 766 et
1822 729 1964 767 scibile

292 798 404 843 prius
434 798 620 834 scientia.
674 798 811 837 Quare
840 799 938 842 quot
967 797 1099 833 modis
1127 797 1241 832 Prius
1268 797 1334 832 vel
1362 796 1488 832 Simul
1510 796 1680 832 dicatur.
1707 797 1963 832 annumerat.

291 863 351 899 De
379 866 591 899 cremento
620 871 796 907 quoque.
825 862 934 907 quod
964 863 1027 897 est
1054 861 1217 906 species
1240 863 1386 898 motus.
1416 861 1453 897 in
1477 861 1788 906 comparatione
1807 860 1966 897 fecerat

293 929 557 964 mentionem.
587 928 711 963 veluti
735 937 826 963 cum
849 926 1005 963 diceret
1028 927 1066 962 in
1090 926 1345 967 Qualitate
1360 930 1390 961 2:
1421 926 1513 963 ,Sed
1535 927 1576 962 et
1596 926 1687 971 ipsa
1709 927 1965 962 crementum
1987 929 2020 955 10

293 993 544 1037 suscipiunt.
583 1002 659 1028 nec
698 1002 778 1028 non
818 992 868 1028 de
905 992 1153 1028 alteratione
1192 992 1255 1027 vel
1294 992 1344 1028 (le
1385 991 1612 1028 mutatione
1649 991 1889 1036 simpliciter
1924 990 1965 1027 in

293 1058 544 1103 proprietate
574 1057 843 1094 substantiae.
873 1057 1042 1093 dicens³
1063 1057 1220 1094 seilicet
1249 1057 1525 1093 substantiam
1548 1057 1714 1094 alterari
1741 1056 1852 1093 circa
1872 1066 1966 1093 con-

292 1123 415 1158 traria
438 1123 665 1158 secundum
687 1122 750 1158 sui
772 1122 1054 1158 mutationem.
1103 1123 1240 1162 Quare
1256 1122 1561 1158 convenienter
1575 1123 1616 1158 et
1637 1122 1790 1158 motum
1805 1123 1964 1158 tractat.

294 1188 368 1228 Qui
399 1189 522 1224 etiam
553 1189 659 1224 bene
682 1198 755 1233 pro
778 1188 942 1224 actione
965 1190 1006 1223 et
1026 1188 1269 1233 passionem
1292 1189 1451 1224 tractat.
1475 1188 1702 1224 secundum
1725 1187 1967 1223 instantiam

293 1262 464 1298 quarum
495 1256 629 1289 motus
657 1253 915 1289 alterationis
944 1253 1124 1289 maxime
1153 1253 1364 1298 contingit.
1417 1252 1613 1288 Ostensio
1635 1261 1800 1297 quoque
1828 1252 2021 1297 aequi-15

293 1318 526 1354 vocationis
554 1318 718 1354 Habere
747 1319 798 1354 ad
822 1318 1117 1355 discretionem
1141 1318 1467 1363 praedicamenti
1487 1317 1664 1354 Habere.
1691 1317 1730 1353 id
1752 1319 1816 1353 est
1836 1317 1966 1362 ipsius

293 1383 608 1427 generalissimi.
638 1394 718 1420 non
748 1386 811 1420 est
840 1384 1003 1419 inutilis.

437 1449 494 1484 De
517 1449 578 1485 liis
601 1452 738 1485 autem
763 1449 946 1494 quinque
968 1449 1192 1494 praedictis
1214 1450 1363 1485 tractat
1383 1458 1466 1484 non
1489 1448 1596 1484 inter
1616 1447 1966 1493 praedicamenta,

294 1525 345 1550 ne
380 1515 571 1551 videlicet
606 1516 824 1551 tractatum
867 1514 1301 1559 praedicamentorum
1345 1514 1676 1559 interrumperet.
1717 1516 1757 1550 et
1792 1513 1967 1559 primum

295 1580 344 1615 de
374 1580 588 1625 oppositis.
618 1579 782 1615 dividen
807 1579 1022 1616 doscilicet
1049 1579 1241 1624 opposita
1267 1580 1462 1624 quattuor
1488 1579 1622 1615 modis
1650 1581 1691 1615 et
1710 1578 1967 1625 assignando
1988 1584 2022 1610 20

297 1646 469 1681 naturas
486 1645 739 1691 singulorum
754 1645 969 1681 modorum
987 1646 1028 1680 et
1043 1644 1302 1680 differentias
1323 1644 1507 1690 ipsorum
1529 1645 1580 1680 ab
1600 1644 1967 1685 invicem‚tandem

297 1710 542 1746 immoratur
562 1710 600 1745 in
624 1710 886 1755 oppositione
903 1710 1218 1747 contrariorum.
1240 1711 1409 1755 propter
1430 1719 1563 1754 quani,
1581 1711 1622 1745 ut
1643 1709 1794 1746 dictum
1816 1711 1891 1749 est,
1919 1709 1969 1745 de

296 1775 499 1821 oppositis
522 1777 671 1811 tractat
694 1777 733 1811 et
755 1775 974 1821 diligenter
995 1777 1167 1811 naturas
1190 1775 1490 1811 contrariorum
1513 1775 1658 1820 aperit.
1702 1774 1750 1810 Et
1767 1774 1969 1811 attende

298 1841 408 1885 quod
437 1840 629 1886 opposita
658 1843 861 1877 vocantur
895 1842 977 1877 tam
1012 1850 1091 1877 res
1123 1841 1238 1886 ipsae
1267 1850 1389 1885 quam
1417 1850 1569 1877 voces
1596 1840 1730 1886 gratia
1755 1849 1892 1877 rerum
1920 1840 1971 1876 si-

296 1905 598 1952 gnificatarum.
653 1906 744 1942 Res
773 1908 911 1942 autem
941 1906 1101 1942 tribus
1136 1906 1268 1942 modis
1296 1905 1451 1951 opponi
1477 1905 1681 1945 videntur.
1709 1905 1776 1942 vel
1811 1905 1858 1941 in
1896 1914 1968 1941 es·
1989 1912 2023 1939 25

295 1970 459 2006 sentia
488 1970 656 2006 scilicet.
686 1970 791 2006 sicut
818 1971 941 2006 homo
971 1972 1011 2006 et
1032 1970 1187 2007 asinus.
1210 1970 1359 2006 albedo
1388 1972 1428 2006 et
1448 1969 1595 2009 sessio,
1618 1979 1790 2015 quarum
1812 1964 1970 2006 scilicet

296 2045 376 2071 una
405 2045 472 2071 res
501 2045 582 2071 non
612 2038 676 2072 est
704 2036 846 2075 altera,
875 2036 940 2071 vel
975 2035 1021 2071 in
1059 2034 1349 2071 adiacentia
1384 2044 1560 2080 quoque.
1599 2035 1704 2071 sicut
1739 2034 1887 2071 albedo
1928 2036 1968 2071 et

296 2101 479 2145 nigredo.
509 2110 614 2144 quae
644 2101 762 2136 simul
798 2100 933 2136 eidem
970 2100 1157 2136 subiecto
1195 2109 1277 2136 non
1318 2102 1494 2145 possunt
1532 2099 1683 2141 inesse,
1712 2100 1777 2136 vel
1813 2099 1858 2135 in
1895 2109 1967 2135 re-

296 2168 468 2208 spectu
522 2166 627 2201 sicut
664 2168 783 2210 pater
812 2167 852 2201 et
880 2165 989 2201 filius
1020 2165 1112 2210 qui>
1135 2164 1321 2201 eiusdem
1343 2164 1404 2201 rei
1433 2174 1529 2201 esse
1554 2174 1638 2201 non
1657 2165 1844 2210 possunt,
1872 2164 1968 2209 quia

295 2229 429 2265 nullus
459 2229 643 2265 eiusdem
674 2231 810 2274 potest
839 2239 936 2265 esse
965 2231 1082 2274 pater
1110 2231 1150 2265 et
1183 2228 1302 2264 filius.
1356 2228 1514 2265 Voces
1552 2238 1716 2273 quoque
1753 2227 1967 2274 oppositas
1989 2230 2024 2258 80

296 2294 523 2330 secundum
552 2294 898 2339 significationem
928 2294 1111 2339 pluribus
1140 2293 1273 2330 modis
1296 2293 1480 2331 dicimus.
1509 2294 1598 2330 sive
1620 2294 1701 2329 sint
1722 2292 1967 2339 complexae

296 2369 434 2396 voees.
464 2359 568 2395 sicut
596 2359 816 2395 affirmatio
846 2362 885 2395 et
914 2359 1092 2405 negatio.
1121 2359 1211 2395 sive
1240 2359 1542 2404 incomplexae.
1570 2360 1613 2394 ut
1640 2360 1736 2394 sunt
1763 2357 1967 2394 dictiones

298 2425 500 2470 singulae.
546 2424 592 2459 Et
615 2434 742 2460 voces
774 2424 939 2469 quidem
975 2424 1277 2469 incomplexae.
1312 2433 1419 2469 quae
1442 2433 1509 2460 res
1542 2423 1790 2469 significant,
1811 2425 1966 2469 (quae)

297 2490 521 2525 secundum
568 2499 704 2525 rerum
746 2491 916 2525 naturas
956 2489 1262 2535 oppositionem
1299 2489 1464 2526 habent.
1502 2491 1546 2525 ut
1580 2489 1703 2525 homo
1745 2489 1785 2524 et
1824 2487 1966 2524 asinus

302 2554 521 2599 oppositae
544 2564 672 2590 voces
696 2555 887 2590 (licuntur
913 2554 1139 2590 secundum
1163 2555 1241 2590 hoc
1264 2553 1374 2599 quod
1394 2563 1462 2590 res
1485 2553 1700 2599 oppositas
1722 2553 1761 2589 in
1784 2552 1971 2590 essentia
1990 2555 2024 2581 35

297 2619 542 2665 significant.
595 2619 739 2655 Album
770 2628 868 2654 vero
898 2621 937 2654 et
966 2619 1127 2664 nigrum
1155 2628 1262 2664 quae
1292 2620 1456 2664 sumpta
1475 2620 1571 2655 sunt
1597 2618 1778 2657 nomina.
1805 2617 1902 2662 quia
1928 2618 1969 2654 et

295 2683 567 2719 fundamenta
595 2683 810 2719 nominant
838 2692 945 2728 quae
973 2683 1013 2718 in
1042 2683 1227 2719 essentia
1249 2683 1344 2718 sunt
1366 2682 1570 2728 opposita,
1599 2683 1639 2718 et
1659 2682 1814 2719 formas
1835 2681 1969 2718 deter-

297 2748 454 2784 minant
482 2757 588 2793 quae
618 2748 656 2783 in
685 2747 921 2784 adiacentia
949 2756 1113 2793 quoque
1136 2749 1230 2783 sunt
1252 2747 1480 2793 oppositae,
1504 2747 1730 2783 secundum
1752 2748 1968 2792 utramque

298 2812 646 2858 significationem
676 2813 894 2858 oppositae
924 2822 1052 2849 voces
1089 2812 1167 2849 dici
1201 2815 1388 2857 possunt.
1426 2813 1500 2848 sed
1533 2811 1759 2848 secundum
1795 2811 1968 2847 alteram

297 2879 454 2914 tantum
482 2877 715 2914 iudicantur
742 2878 988 2914 contrariae.
1017 2878 1124 2914 illam
1154 2877 1312 2914 scilicet
1340 2886 1447 2922 quae
1470 2879 1532 2913 est
1553 2877 1603 2913 de
1624 2876 1788 2918 formis:
1816 2875 1968 2921 quippe
1987 2873 2022 2899 40

439 2995 457 3020 S
486 2995 621 3025 annuat
649 2993 674 3023 ,i
801 2993 842 3025 22
871 2994 1043 3033 opinione
1072 2993 1096 3024 A
1224 2994 1264 3024 :34
1295 2993 1503 3032 opinionem
1534 2993 1559 3023 ,l

442 3063 448 3082 ¹
480 3064 627 3095 Boetli.
658 3064 679 3094 l.
709 3074 747 3096 c..
778 3073 809 3103 p.
839 3063 958 3097 2:283.
988 3063 1111 3095 229A.

439 3122 452 3142 '-'
481 3123 628 3153 Boetli.
659 3122 679 3153 I.
710 3132 747 3155 (a,
779 3131 810 3163 p.
840 3122 959 3154 2560.
1084 3122 1097 3141 ³⁴
1126 3122 1271 3154 Boeth.
1303 3122 1324 3154 Ι.
1352 3132 1390 3156 ι’..
1420 3131 1452 3162 p.
1485 3123 1549 3154 198
1567 3122 1605 3153 D.
