2200 3387
211 938 243 963 10

211 1264 241 1290 15

208 1590 243 1616 20

206 2251 241 2276 30

206 2576 240 2602 35

499 251 525 281 1.
556 243 620 281 im·
648 249 805 282 Glosscn
835 257 876 280 zu
905 243 974 280 den
1006 247 1238 287 Katcgoricn.
1342 249 1390 279 lle
1420 247 1634 287 quantitate.
1875 241 1940 279 177

266 345 301 381 si
328 346 420 391 quis
448 347 571 391 longe
598 356 623 382 a
652 346 770 382 nobis
799 347 983 382 remotus
1018 344 1289 389 percutiendo
1327 344 1478 389 aliquid
1517 355 1606 380 cum
1647 345 1756 390 ligno
1793 354 1939 380 sonum

265 411 400 451 faciat,
430 421 505 447 nos
533 411 601 456 qui
630 410 778 447 remoti
806 411 971 448 erimus,
1001 411 1094 454 post
1122 410 1245 445 ictum
1275 410 1413 445 statim
1437 420 1582 445 sonum
1608 420 1688 445 non
1711 410 1940 446 audiemus

266 477 362 521 quia
389 486 471 512 non
500 479 583 513 tam
611 477 692 513 cito
721 477 794 512 a'er
822 475 995 511 diffundi
1023 477 1172 520 potest.
1203 476 1244 510 ut
1272 484 1421 510 sonum
1449 475 1625 510 differat.

406 542 621 577 (Ὁιιίίιιιιη
665 552 772 583 vero,
813 543 856 576 nt
895 541 1050 576 linem.
1113 539 1171 575 De
1212 539 1420 575 continuis
1460 540 1548 575 istis
1590 541 1751 584 plenius
1793 540 1830 576 in
1877 550 1939 576 se-

265 606 486 651 quentibus
502 609 516 630 ·-’
543 615 834 650 exsequemur.
862 604 1032 640 Praeter
1054 604 1158 640 llaec
1180 606 1317 639 autem
1341 604 1416 640 lias
1439 604 1542 640 duas
1565 604 1745 640 fortasse
1769 607 1941 649 separat

263 680 288 706 a
327 669 458 705 tribus
505 669 752 714 supradictis
788 667 1008 708 continuis,
1045 667 1142 712 quia
1181 668 1348 704 aliunde
1389 670 1626 707 nascuntur,
1667 669 1818 713 quippe
1858 678 1940 704 non

263 735 573 771 constituuntur
599 743 652 770 ex
680 734 853 779 punctis,
882 734 988 770 sicut
1015 733 1120 769 illae.
1173 733 1247 769 Vel
1284 733 1378 769 ideo
1415 734 1540 769 etiam
1576 734 1650 769 has
1684 734 1735 769 ab
1774 734 1851 769 illis
1879 743 1942 770 se-

265 799 439 845 paravit,
468 800 564 844 quia
592 800 642 836 de
671 799 759 835 istis
787 799 948 835 duabus
975 799 1141 835 dubium
1170 800 1270 839 erat,
1300 800 1433 835 utrum
1462 799 1684 835 continuae
1712 801 1855 835 essent
1875 799 1940 835 vel

263 865 483 901 discretae.
536 865 649 901 Sicut
676 865 786 900 enim
806 866 970 910 tempus
993 873 1068 909 per
1089 864 1402 900 successionem
1425 864 1780 900 continuationem
1803 865 1941 903 habet.

266 929 322 965 ita
350 931 390 966 et
431 929 564 965 oratio
591 929 813 965 videbatur
848 929 1022 971 habere;
1059 930 1201 974 partes
1239 937 1415 974 quoque,
1453 938 1545 964 cum
1582 938 1664 964 non
1699 928 1940 969 existerent,

263 1004 342 1031 nec
370 995 567 1041 coniungi
594 994 845 1030 videbantur
872 1003 949 1030 nec
983 993 1229 1032 continuari,
1257 994 1409 1039 quippe
1443 1003 1521 1030 nec
1558 996 1710 1039 partes.
1762 994 1822 1030 De
1850 994 1941 1030 loco

264 1069 432 1106 quoque
461 1060 736 1100 dubitabatur,
765 1061 900 1096 utrum
928 1060 1148 1096 continuus
1177 1061 1302 1098 esset.
1332 1070 1406 1104 pro
1434 1069 1484 1096 eo
1513 1059 1672 1095 scilicet
1699 1060 1808 1104 quod
1837 1059 1943 1095 sicut

263 1125 604 1162 Aristoteles-‘³
630 1126 779 1170 probat
806 1125 940 1161 locum
970 1135 1067 1161 esse
1101 1125 1341 1161 continuum
1375 1127 1546 1170 propter
1579 1127 1719 1170 partes
1753 1125 1941 1170 corporis

263 1189 561 1226 coadiacentes
588 1190 801 1235 particulis
829 1189 920 1229 loci,
950 1199 1056 1234 quae
1085 1189 1244 1225 scilicet
1271 1191 1412 1235 partes
1446 1189 1644 1234 corporis,
1683 1189 1779 1234 quia
1815 1189 1942 1225 conti-

263 1256 454 1292 nuantur.
485 1255 667 1291 ostendit
694 1256 735 1291 et
761 1264 837 1300 per
863 1256 1005 1300 partes
1033 1255 1113 1291 1001
1141 1255 1387 1293 continuari,
1415 1255 1472 1290 ita
1500 1254 1662 1291 videtur
1689 1255 1740 1291 de
1768 1264 1940 1291 numero

261 1329 388 1366 posse
416 1321 650 1362 monstrari,
688 1321 798 1366 quod
835 1321 888 1357 sit
925 1321 1159 1361 continuus,
1198 1321 1351 1366 quippe
1389 1320 1583 1356 diversae
1620 1321 1801 1356 unitates
1834 1330 1941 1366 quae

262 1388 358 1422 sunt
379 1386 540 1422 numeri
568 1388 721 1431 partes.
754 1385 911 1422 eisdem
934 1386 1133 1422 subiectis
1162 1386 1356 1422 adiacent
1376 1386 1525 1431 quibus
1546 1386 1775 1431 particulae
1797 1395 1941 1431 corpo-

262 1451 330 1488 ris.
358 1452 510 1497 quippe
539 1460 816 1497 unaquaeque
844 1461 941 1496 pars
970 1451 1145 1487 subiecti
1173 1451 1299 1487 habet
1326 1460 1443 1487 suam
1471 1451 1684 1487 unitatem.

403 1516 597 1552 Par-tium
637 1516 803 1552 etenim.
856 1515 919 1552 Ad
956 1515 1162 1552 discretas
1200 1515 1306 1552 redit
1343 1517 1383 1551 et
1418 1517 1567 1561 probat
1602 1525 1819 1552 numerum
1857 1526 1940 1552 non

264 1590 362 1617 esse
390 1581 614 1622 continum‚
642 1581 739 1626 quia
767 1581 926 1617 scilicet
952 1590 1036 1617 non
1058 1581 1184 1617 habet
1204 1583 1345 1626 partes
1366 1581 1582 1626 copulatas
1605 1582 1655 1617 ad
1679 1590 1939 1617 communem

262 1646 495 1683 terminum.
547 1646 582 1682 A
598 1645 843 1682 definitione
865 1646 1051 1682 continui
1071 1646 1300 1682 secundum
1314 1646 1393 1682 hoc
1415 1647 1525 1691 quod
1547 1647 1637 1682 sola
1655 1647 1723 1682 illa
1744 1646 1940 1683 continua

262 1713 467 1748 vocantur
493 1720 600 1756 quae
635 1711 815 1747 medium
853 1711 1073 1747 terminum
1111 1711 1279 1747 habent.
1332 1711 1373 1747 Si
1410 1713 1548 1747 autem
1587 1713 1626 1748 et
1660 1712 1938 1757 bipunctalem

261 1777 414 1813 lineam
443 1785 642 1812 vocemus
669 1776 919 1817 continuam,
947 1786 1030 1812 non
1058 1776 1222 1812 videtur
1255 1779 1544 1822 argumentum
1572 1786 1738 1822 cogens,
1772 1777 1850 1813 nisi
1882 1778 1939 1814 ita

262 1842 465 1878 dicamus:
503 1841 613 1878 Vere
650 1851 734 1878 non
771 1843 835 1878 est
869 1842 1090 1878 continuus
1130 1851 1341 1883 numerus,
1381 1842 1477 1886 quia
1516 1852 1599 1878 non
1639 1843 1764 1878 habet
1796 1844 1938 1887 partes

207 1919 222 1932 ἢ
262 1907 528 1944 continuatas
556 1907 646 1943 sive
674 1917 750 1952 per
783 1907 962 1943 medium
1001 1907 1221 1943 terminum
1250 1907 1339 1943 sive
1368 1908 1446 1943 sibi
1474 1908 1719 1944 naturaliter
1744 1908 1937 1944 insertas.

260 1972 342 2009 Sed
370 1973 480 2018 quod
507 1972 640 2017 magis
666 1972 848 2009 fortasse
876 1973 1100 2013 videretur,
1137 1973 1234 2009 illud
1268 1975 1459 2009 removet
1495 1973 1655 2009 dicens:
1692 1983 1775 2009 non
1812 1973 1938 2009 conti-

261 2038 380 2074 nuari
406 2039 550 2083 partes
578 2037 739 2074 numeri
765 2047 841 2083 per
866 2038 1047 2074 medium
1074 2038 1307 2079 terminum,
1334 2038 1462 2074 veluti
1489 2038 1530 2074 in
1552 2039 1740 2084 quinario
1761 2039 1939 2075 habetur

259 2103 464 2140 binarium
493 2104 534 2140 et
560 2103 670 2139 illum
698 2112 774 2149 per
800 2103 986 2149 quintam
1014 2104 1226 2140 unitatem.
1284 2104 1330 2140 Εἰ
1357 2104 1557 2149 quinque.
1608 2103 1851 2150 Exemplum
1874 2107 1938 2141 est

260 2169 312 2206 de
339 2169 527 2215 partibus
555 2169 728 2211 numeri,
756 2178 864 2214 quae
892 2179 975 2205 non
1003 2169 1262 2214 copulantur,
1297 2171 1340 2205 ut
1368 2169 1409 2205 in
1438 2169 1609 2206 denario
1638 2170 1851 2215 quinarius
1885 2170 1937 2206 ad

262 2233 415 2270 nullam
442 2234 604 2279 partem
631 2233 818 2270 eiusdem
846 2234 1009 2270 numeri
1035 2234 1310 2270 continuatur.
1361 2233 1410 2270 Et
1444 2234 1523 2270 hoe
1557 2236 1638 2270 est:
1675 2235 1865 2280 quinque
1900 2237 1937 2271 et

260 2299 462 2344 quinque,
488 2299 567 2335 hoc
594 2300 659 2335 est
686 2299 900 2344 quinarius
935 2301 976 2335 et
1003 2299 1229 2344 quinarius,
1264 2309 1357 2335 cum
1390 2300 1675 2345 unusquisque
1698 2299 1702 2345 1
1727 2300 1780 2336 sit
1815 2300 1938 2345 parti·
1982 2330 1987 2335 .
2019 2308 2026 2318 ·
2079 2314 2084 2329 v

261 2364 354 2400 cula
389 2364 549 2400 denarii
585 2365 661 2400 etc.
714 2364 960 2401 Particulam
995 2365 1101 2403 dicit.
1139 2365 1236 2410 quia
1272 2365 1451 2401 maiores
1486 2367 1582 2401 sunt
1616 2367 1757 2410 partes
1793 2366 1833 2401 in
1870 2366 1935 2402 de-

259 2428 390 2469 nario,
419 2438 542 2474 quam
570 2429 623 2465 sit
650 2429 875 2474 quinarius,
904 2432 947 2466 ut
974 2431 1039 2466 est
1066 2430 1259 2466 senarius
1297 2431 1338 2467 et
1374 2431 1521 2475 reliqui
1556 2431 1738 2467 maiores
1775 2431 1936 2467 numeri

260 2503 393 2539 usque
428 2494 480 2530 ad
518 2494 653 2539 ipsum
690 2495 917 2531 denarium.
968 2495 1049 2531 Sed
1075 2496 1203 2531 etiam
1234 2496 1331 2531 tria.
1384 2495 1568 2532 Ostensa
1603 2496 1653 2532 de
1690 2496 1935 2541 aequalibus

261 2559 447 2604 partibus
475 2560 646 2600 denarii,
684 2560 794 2605 quod
827 2570 911 2597 non
938 2561 1243 2602 continuantur,
1281 2561 1462 2597 ostendit
1497 2561 1597 2604 <de>
1633 2561 1935 2607 inaequalibus,

260 2633 309 2660 ac
337 2624 371 2660 si
399 2624 573 2661 diceret:
606 2624 696 2661 Non
724 2625 858 2661 solum
886 2626 1098 2671 quinarius
1127 2626 1167 2662 in
1190 2626 1361 2662 denario
1390 2627 1703 2663 continuatione
1731 2629 1846 2663 caret
1882 2627 1934 2663 ad

260 2688 425 2734 aliquid.
442 2698 586 2725 verum
610 2688 735 2725 etiam
757 2690 964 2725 ternarius
986 2691 1053 2726 vel
1075 2691 1352 2735 septenarius.
1390 2691 1674 2736 Quapropter.
1713 2690 1933 2727 Conclusio

261 2755 325 2789 est
352 2763 427 2799 per
459 2763 737 2799 consequens,
771 2764 894 2799 quam
927 2754 1118 2791 Tullius
1151 2755 1242 2791 fieri
1277 2756 1400 2795 iubet,
1435 2755 1600 2801 quando
1634 2765 1685 2791 ea
1722 2755 1934 2791 conclusio

261 2829 367 2864 quae
395 2819 639 2855 naturaliter
665 2819 778 2864 prior
804 2820 879 2858 est,
908 2819 1042 2856 minus
1071 2822 1136 2856 est
1163 2820 1354 2862 evidens:
1383 2821 1501 2865 quasi
1530 2821 1639 2856 enim
1662 2821 1740 2856 iam
1763 2822 1932 2858 certum.

406 2964 447 2995 16
476 2962 587 3003 quod}
616 2963 675 3003 qui
703 2963 730 2996 A
851 2963 893 2996 27
922 2964 1032 2996 habet
1059 2964 1087 2996 A
1206 2966 1248 2996 34
1278 2973 1447 3005 unusque
1475 2966 1500 2997 A
1628 2966 1670 2996 :38
1700 2964 1780 3006 per]
1811 2975 1875 3006 pro
1902 2967 1930 2999 A

405 3052 413 3074 ¹
443 3053 603 3090 Boeth„
634 3053 676 3085 In
705 3053 841 3093 Catey„
871 3063 903 3094 p.
933 3055 995 3086 201
1016 3054 1052 3086 C.

402 3112 416 3134 ²
444 3113 494 3145 Cr.
526 3113 640 3145 infra.
671 3122 702 3153 p.
735 3112 848 3145 1792&
971 3112 985 3132 ³⁵
1015 3113 1161 3146 Boeth.
1191 3114 1213 3146 Ι,
1241 3123 1280 3150 e..
1310 3123 1344 3154 p.
1372 3114 1526 3146 20:330
