2200 3387
529 210 556 243 1.
586 211 650 243 oio
677 212 832 244 (ilossen
863 221 904 244 zu
935 212 1168 253 Porphyrius.
1204 233 1238 236 —
1272 215 1321 246 Ι)(·
1349 216 1567 249 differentia.
1845 216 1889 249 79

216 308 351 351 queat.
390 307 577 353 assignat
614 309 891 354 proprietates
929 319 1076 345 vocum
1116 312 1342 347 secundum
1384 315 1570 348 naturam
1613 316 1651 349 et
1692 315 1889 350 constitu-

216 371 368 408 tionem
399 382 535 409 rerum
564 376 604 409 et
640 375 836 410 transfert
872 385 918 410 se
955 376 1258 411 convenienter
1290 377 1340 412 ad
1379 379 1715 415 constitutiomun
1752 390 1886 415 rerum

214 438 468 481 generaliter
502 439 868 475 demonstrandam
908 442 988 476 tam
1026 441 1063 475 in
1105 441 1301 485 operibus
1336 443 1519 480 artificis.
1557 453 1676 488 quum
1718 445 1754 480 in
1794 455 1889 490 ope-

217 502 327 539 ribus
368 506 553 542 naturae.
588 504 730 540 dicens
765 505 923 541 scilicet
958 506 1162 550 quaedam
1192 509 1386 542 constare
1421 518 1473 542 ex
1509 509 1676 553 propria
1714 510 1887 545 materia

178 578 193 599 τι
215 570 255 604 et
283 569 450 613 propria
477 570 620 608 forma.
648 570 852 615 quaedam
882 573 1076 606 constare
1105 571 1156 606 ad
1179 571 1487 608 similitudinem
1512 583 1665 609 eorum.
1720 574 1886 619 l’roprie

160 902 191 926 lo

158 1228 189 1252 15

151 1554 186 1579 20

150 1891 184 1905 ..d

148 2211 182 2236 30

147 2865 181 2888 ⁴0

214 634 379 678 quidem
415 635 629 671 materiam
669 635 842 671 dicimus
875 646 980 674 eam.
1009 646 1116 680 quae
1155 639 1341 681 tempore
1376 648 1540 682 quoque
1583 640 1813 683 praecessit
1848 643 1887 676 et

213 699 401 735 subiecta
438 700 576 736 fictum
608 701 822 745 operantis
862 701 900 736 in
935 711 980 737 se
1024 702 1219 746 suscepit.
1257 702 1362 738 sicut
1402 713 1487 741 aes,
1528 704 1637 748 quod
1677 707 1774 740 ante
1815 715 1887 740 aes

213 764 285 800 fuit
330 774 452 810 quam
496 768 633 801 statua
683 768 723 802 et
771 767 1020 802 attractione
1072 767 1244 803 artificis
1285 769 1487 813 sculptum
1541 772 1616 808 est.
1667 772 1708 805 ut
1750 772 1887 805 statua

211 828 343 865 lieret.
395 829 584 866 Formam
622 840 723 866 vero
769 831 933 876 proprie
977 831 1151 867 dicimus
1191 842 1283 868 eam
1325 843 1432 877 quae
1479 844 1531 869 ex
1582 835 1885 879 compositione

212 893 386 938 partium
432 894 557 932 venit.
604 894 708 930 sieut
753 895 862 930 illam
904 905 1010 940 quae
1052 895 1090 931 in
1137 897 1274 932 statua
1320 897 1611 933 consideratur
1656 908 1708 933 ex
1756 908 1883 933 curvo

211 968 315 995 naso
343 959 409 995 vel
437 959 606 1001 directo,
635 968 687 995 ex
716 960 856 1005 parvis
885 962 926 996 et
954 961 1114 1005 magnis
1144 961 1272 997 oculis
1296 964 1337 998 ct
1358 962 1522 1001 ceteris.
1546 972 1652 1007 quae
1676 963 1886 1008 pertinent

210 1024 262 1060 ad
284 1024 640 1070 compositionem.
694 1025 810 1061 Unde
831 1027 969 1062 statua
992 1027 1158 1071 proprie
1181 1036 1234 1063 ex
1262 1028 1437 1063 materia
1465 1029 1505 1064 et
1533 1029 1665 1064 forma
1690 1030 1885 1065 constare

210 1089 366 1126 dicitur.
431 1090 673 1127 Substantia
712 1100 813 1127 vero
858 1091 1036 1127 hominis
1077 1101 1184 1136 quae
1225 1102 1278 1128 ex
1318 1093 1483 1129 animali
1525 1095 1565 1129 et
1606 1094 1885 1130 rationalitate

209 1155 410 1194 consistit.
433 1165 515 1191 non
537 1155 622 1202 [ea]
645 1156 701 1192 ita
723 1156 888 1201 proprie
910 1166 963 1192 ex
986 1157 1161 1193 materia
1183 1159 1224 1193 et
1244 1158 1378 1194 forma
1399 1158 1671 1203 componitur.
1724 1159 1883 1195 Animal

210 1229 389 1266 namque
423 1221 533 1266 quod
567 1223 631 1257 est
667 1221 801 1260 homo.
839 1231 1062 1266 numquam
1097 1222 1209 1267 prius
1245 1224 1433 1267 tempore
1471 1224 1622 1259 animal
1662 1224 1734 1259 l'uit
1761 1234 1883 1269 quam

209 1285 331 1320 homo
360 1294 437 1321 nec
465 1285 631 1330 proprie
654 1295 848 1331 umquam
871 1286 949 1322 dici
978 1286 1125 1331 potuit:
1164 1287 1336 1327 ,Animal
1363 1287 1409 1323 fit
1436 1288 1569 1323 homo·
1600 1297 1676 1324 nec
1714 1288 1885 1324 artificis

208 1351 456 1387 attractione
486 1352 608 1387 homo
635 1352 769 1387 factus
798 1353 872 1387 est.
925 1351 1199 1388 Rationalitas
1227 1362 1392 1397 quoque
1427 1353 1593 1398 proprie
1631 1354 1763 1389 forma
1801 1364 1881 1389 non

209 1415 366 1455 dicitur.
394 1417 490 1461 quia
511 1417 740 1453 secundum
769 1417 1085 1462 dispositionem
1113 1417 1290 1462 partium
1322 1418 1510 1454 subiecto
1540 1428 1620 1454 non
1643 1418 1882 1455 innascitur.

207 1480 325 1517 Unde
355 1482 477 1517 homo
512 1482 679 1527 proprie
717 1491 769 1518 ex
803 1482 981 1519 materia
1014 1484 1055 1518 et
1093 1482 1228 1518 forma
1263 1492 1347 1518 non
1386 1484 1551 1519 constat
1590 1483 1695 1519 sicut
1734 1485 1884 1524 statua,

207 1546 282 1583 sed
321 1546 628 1583 similitudinem
667 1548 781 1583 tenet
821 1547 1033 1584 constituti
1070 1557 1123 1583 ex
1160 1548 1336 1584 materia
1370 1550 1410 1584 et
1435 1548 1580 1584 forma.
1633 1548 1746 1585 Sicut
1773 1549 1882 1585 enim

205 1611 260 1648 ibi
288 1621 362 1648 aes
389 1612 499 1657 quod
526 1614 715 1658 tempore
743 1622 907 1658 quoque
942 1613 1186 1658 praecessit,
1228 1622 1303 1658 per
1329 1613 1505 1659 figuram
1534 1623 1656 1659 quam
1685 1614 1881 1659 suscepit.

204 1676 357 1713 factum
385 1679 449 1713 est
475 1679 624 1718 statua,
653 1678 712 1714 sic
740 1678 931 1714 animalis
959 1678 1193 1714 substantia
1220 1679 1466 1715 naturaliter
1486 1679 1599 1724 prior
1622 1680 1786 1715 homine
1808 1688 1883 1724 per

206 1742 482 1779 differentiam
511 1753 634 1788 quam
670 1744 796 1779 habet
822 1744 946 1780 homo
980 1744 1082 1789 ipse,
1111 1745 1185 1780 est.
1236 1743 1284 1780 Et
1320 1746 1384 1780 est
1419 1745 1633 1789 proportio
1671 1745 1790 1781 trium
1828 1746 1878 1781 ad

205 1807 294 1843 tria.
346 1807 459 1843 Sicut
498 1808 607 1844 enirn
643 1808 698 1844 ibi
737 1817 811 1844 aes
852 1810 894 1844 ut
934 1808 1110 1844 materia
1148 1809 1372 1853 praeiacet,
1421 1809 1557 1854 figura
1596 1819 1697 1845 vero
1738 1819 1881 1854 super-

149 1881 179 1894 θ’
204 1872 378 1914 additur,
406 1875 449 1908 ut
476 1873 742 1909 adiunctione
771 1873 862 1910 eius
890 1874 1023 1919 ipsum
1046 1883 1120 1910 aes
1143 1875 1281 1910 statua
1301 1874 1386 1911 fiat.
1413 1874 1470 1910 ita
1491 1873 1665 1920 [autem]
1688 1874 1878 1910 animalis

204 1938 438 1975 substantia
464 1949 540 1985 per
567 1939 827 1976 differentiae
861 1940 1197 1976 informationem
1231 1940 1355 1976 homo
1386 1940 1587 1976 consistit.
1639 1940 1709 1976 Est
1736 1942 1874 1976 autem

203 2003 415 2048 proportio
443 2003 665 2040 similitudo
693 2004 992 2043 habitudinum.
1021 2004 1131 2049 quod
1152 2004 1347 2041 videlicet
1369 2005 1474 2041 sicut
1501 2015 1570 2041 res
1599 2005 1805 2050 quaedam
1834 2014 1879 2041 se

202 2068 358 2105 habent
383 2069 434 2105 ad
463 2069 653 2109 invicem.
682 2070 833 2106 eodem
861 2070 983 2106 modo
1012 2079 1079 2106 res
1106 2070 1214 2106 aliae
1243 2080 1289 2106 se
1324 2070 1481 2106 habent
1513 2070 1623 2106 inter
1655 2081 1712 2106 se.
1766 2070 1879 2106 Sicut

203 2134 312 2170 enirn
341 2144 414 2171 aes
443 2137 483 2171 et
509 2134 643 2181 figura
671 2145 767 2171 sese
796 2136 950 2172 habent
971 2136 1036 2171 vel
1064 2135 1171 2172 inter
1195 2145 1242 2172 se
1264 2136 1329 2172 vel
1351 2136 1404 2171 ad
1427 2137 1618 2173 statuam.
1647 2136 1703 2172 ita
1725 2136 1876 2172 animal

203 2201 244 2236 et
271 2200 530 2237 rationalitas
558 2201 758 2256 velgnter
785 2210 831 2237 se
856 2202 922 2237 vel
950 2201 1002 2237 ad
1030 2201 1252 2237 hominem.

344 2265 411 2302 Sic
438 2266 562 2311 iunge
591 2268 631 2302 et
658 2267 768 2312 lege:
805 2266 899 2302 Dixi
933 2267 1012 2302 hoc
1048 2276 1202 2303 nomen
1239 2267 1414 2303 animal·
1456 2267 1689 2312 praedicari
1724 2267 1775 2302 de
1810 2267 1879 2302 ho-

202 2330 312 2367 mine
339 2331 379 2367 in
415 2331 511 2376 quid
545 2333 586 2367 et
615 2332 840 2371 ‚rationale
879 2332 919 2367 in
949 2332 1080 2376 quale.
1133 2331 1180 2368 Et
1218 2332 1376 2370 merito,
1414 2332 1512 2377 quia
1549 2342 1615 2367 res
1652 2332 1878 2373 mominis>

202 2398 366 2432 constat
393 2405 445 2432 ex
473 2406 517 2432 re
546 2397 737 2433 animalis
766 2397 885 2442 quasi
913 2406 966 2433 ex
995 2397 1170 2433 materia
1198 2399 1238 2433 et
1267 2407 1319 2433 ex
1355 2407 1399 2433 re
1433 2397 1648 2433 rationalis
1677 2397 1795 2442 quasi
1824 2407 1876 2433 ex

200 2461 344 2498 forma.
409 2461 679 2502 Quaeritur
706 2464 856 2501 autem,
888 2472 961 2498 cur
994 2463 1113 2507 quasi
1141 2472 1195 2499 ex
1221 2463 1395 2498 materia
1424 2465 1465 2498 et
1503 2463 1621 2508 quasi
1657 2472 1709 2499 ex
1744 2462 1877 2525 forma

146 2538 181 2560 a,
201 2527 322 2563 dicat.
373 2526 601 2563 Praemittit
634 2537 702 2563 res
728 2527 929 2572 quasdam
964 2529 1159 2564 constare
1189 2528 1354 2573 proprie
1382 2538 1434 2564 ex
1462 2528 1595 2564 forma
1623 2530 1663 2564 et
1691 2528 1875 2563 materia.

201 2594 242 2628 et
270 2593 348 2628 hoc
375 2595 454 2628 est:
520 2593 655 2628 Rebus
681 2593 938 2638 quibusdam
968 2594 1262 2629 (wmshmtilms
1294 2604 1341 2628 es
1376 2594 1557 2629 materia
1592 2595 1628 2628 (Ἰ
1664 2594 1803 2628 forma
1839 2595 1875 2627 (Ἰ

201 2658 459 2702 quibusdam
494 2658 746 2694 habentibus
778 2659 1125 2695 constirationem
1153 2660 1212 2694 ad
1242 2659 1574 2694 simililmlimw
1607 2659 1813 2694 malet-inv
1839 2661 1874 2693 (Ἰ

199 2721 376 2762 formae,
407 2722 484 2757 hoc
512 2724 592 2758 est:
627 2723 678 2758 ad
706 2723 1015 2759 similitudinem
1045 2723 1327 2759 constantium
1358 2723 1523 2768 proprie
1552 2732 1604 2758 ex
1634 2722 1807 2758 materia
1836 2724 1875 2757 et

200 2786 333 2822 forma
359 2788 401 2822 et
427 2787 479 2822 ad
508 2787 631 2823 talem
661 2788 826 2833 quidem
855 2788 1176 2826 similitudinem,
1208 2798 1315 2833 quae
1345 2788 1554 2833 proportio
1595 2789 1668 2823 est.
1721 2787 1871 2822 Verum

202 2854 276 2891 est,
305 2851 414 2896 quod
442 2853 791 2896 quemadmodum
819 2855 958 2889 statua
985 2855 1050 2889 est
1077 2863 1129 2890 ex
1158 2853 1333 2889 materia
1352 2853 1474 2889 aeris.
1503 2853 1580 2888 hoc
1603 2854 1665 2888 est
1687 2852 1874 2888 consistit

342 2979 360 3010 7
377 2977 514 3018 fictum}
530 2979 661 3012 dictum
682 2980 707 3011 Α
761 2978 818 3019 se]
836 2989 880 3012 ea
895 2981 921 3013 A
1024 2982 1042 3010 Η
1060 2981 1228 3013 attractia
1244 2980 1271 3012 A
1368 2981 1409 3011 :34
1425 2980 1621 3016 Quaeritur
1635 2980 1753 3012 autem
1771 2988 1835 3011 cur
1851 2979 1875 3011 L

199 3038 320 3074 Quare
347 3040 467 3070 autem
496 3038 524 3070 A
553 3038 600 3076 212
710 3040 753 3070 :36
782 3041 817 3071 et
845 3039 912 3071 hoc
940 3041 1012 3072 est:
1043 3039 1164 3071 Rebus
1196 3039 1412 3079 quibusdam
1441 3039 1696 3071 constantibus
1725 3048 1770 3070 ex
1800 3047 1871 3070 mu-

199 3098 292 3129 teria
320 3099 356 3129 et
384 3098 500 3129 forma
527 3098 602 3135 2121„
630 3099 665 3130 et
692 3098 732 3130 A.
786 3098 904 3130 Imeus
930 3100 963 3130 (Ἰ
991 3099 1028 3130 (ἠ
1057 3099 1081 3130 Α
1115 3100 1147 3130 (Ἰ
1175 3099 1212 3130 in
1245 3099 1290 3136 ,12
1316 3100 1349 3128 (Ἰ
1379 3099 1416 3128 ln
1447 3098 1470 3129 Ι,
1497 3100 1703 3139 eorruplns
1729 3100 1791 3129 ans-l.
