2200 3387
532 227 558 258 1.
589 226 652 258 Die
680 227 833 258 (ilossen
863 236 905 259 zu
937 227 1167 267 Porphyrius.
1200 245 1237 249 -—
1271 229 1320 260 lle
1347 230 1566 262 differentia.
1832 231 1877 264 723

206 322 440 367 speciebus.
475 323 590 358 ullae
623 326 728 360 sunt.
767 333 841 368 per
876 333 980 368 quas
1017 324 1092 359 sibi
1127 325 1342 369 copulatas
1381 327 1589 363 diversum
1630 330 1873 365 vocabulum

206 397 295 423 cum
327 388 387 423 eis
415 388 452 423 in
482 388 826 431 significationem
856 388 1079 432 specialem
1110 390 1268 427 transit.
1299 393 1339 426 ut
1369 391 1471 426 llaec
1499 392 1684 429 definitio
1714 395 1875 431 ‚animal

207 452 409 488 rationale
438 453 620 488 mortale·
651 462 725 497 per
752 453 1026 488 differentiam
1057 454 1305 492 adiunctam.
1329 465 1434 499 quae
1456 458 1622 502 propria
1651 462 1763 494 esset
1784 470 1875 504 spe-

205 517 321 553 cialis
344 517 532 555 nominis.
556 518 594 553 in
616 517 963 562 significationem
987 519 1142 563 speciei
1165 520 1373 572 redigitur.
1420 522 1517 556 Cum
1542 525 1676 558 autem
1702 524 1874 560 eaedem

169 591 185 613 ⁵
206 583 287 618 sint
315 583 575 618 differentiae
603 582 807 618 divisivae
830 586 870 618 et
898 584 1203 622 constitutivae,
1233 585 1368 621 allae·
1392 587 1529 622 tamen
1555 590 1600 627 ‚el
1627 589 1751 623 uliae*
1776 589 1877 625 dixit

206 657 285 682 non
315 647 541 683 secundum
565 646 870 691 oppositionem
894 657 1048 686 earum.
1071 648 1144 683 sed
1168 648 1453 685 diversitatem
1478 654 1753 695 respectuum.
1781 654 1877 697 quia

205 712 398 748 videlicet
419 712 589 747 alterius
615 712 817 748 divisivae
839 715 945 751 sunt,
976 713 1136 749 scilicet
1165 714 1344 757 generis,
1376 716 1545 751 alterius
1569 717 1875 754 constitutivae.

204 777 361 812 scilicet
377 776 544 821 speciei.
574 776 690 816 Quod
708 776 787 812 sint
803 777 1097 813 constitutivae
1115 778 1281 822 speciei,
1296 781 1489 823 patenter
1505 781 1696 819 ostendit.
1713 791 1803 817 cum
1821 782 1878 818 ait

204 852 276 878 eas
302 842 462 878 iunctas
487 851 577 877 cum
602 851 757 885 genere
780 842 958 878 transire
981 842 1019 878 in
1037 843 1383 887 significationem
1401 845 1568 889 speciei.
1622 845 1676 881 lia
1699 856 1876 892 namque

153 915 183 939 10
205 907 408 943 vocabula
448 907 672 942 secundum
714 907 1060 951 significationem
1105 918 1221 944 suam
1262 909 1517 946 constituere
1557 911 1637 946 alia
1677 911 1876 951 dicuntur.

203 981 374 1017 quorum
405 972 638 1008 sententiae
668 972 704 1007 in
734 972 826 1008 aliis
854 973 1127 1011 includuntur.
1157 976 1198 1009 ut
1228 974 1379 1010 animal
1411 978 1451 1010 et
1479 976 1682 1012 rationale
1705 978 1876 1013 mortale

195 1036 380 1073 hominis
407 1037 652 1073 vocabulum
684 1037 910 1073 secundum
938 1048 1106 1074 sensum
1130 1039 1398 1081 constituunt,
1426 1050 1516 1076 cum
1539 1041 1733 1078 videlicet
1755 1043 1876 1078 homo

203 1102 242 1138 id
271 1105 398 1138 totum
427 1102 598 1138 denotet
625 1103 734 1147 quod
762 1103 830 1139 illa
857 1103 944 1139 tria.

346 1168 499 1204 Poterit
531 1168 723 1204 fortassis
757 1171 798 1204 ct
835 1178 910 1213 per
945 1170 1138 1214 opposita
1174 1170 1264 1206 fieri
1304 1172 1543 1216 supradicta
1576 1173 1726 1209 divisio
1763 1174 1877 1209 diffe-

152 1245 182 1269 15
204 1234 375 1272 rentiae.
404 1235 446 1269 ut
466 1233 658 1269 videlicet
680 1234 938 1270 differentias
962 1236 1170 1280 utrasque,
1199 1238 1280 1271 tam
1305 1236 1495 1273 videlieet
1518 1237 1726 1279 divisivas,
1756 1248 1874 1283 quam

203 1297 494 1334 constitutivas
523 1300 715 1342 respectu
750 1298 935 1334 eiusdem
971 1299 1236 1344 accipiamus.
1273 1310 1322 1336 ac
1356 1300 1390 1335 si
1428 1301 1483 1336 ita
1523 1301 1726 1337 dicamus:
1764 1302 1877 1338 diffe-

204 1363 441 1401 rentiarum.
470 1372 577 1407 quae
606 1372 680 1408 per
707 1373 752 1399 se
781 1366 876 1399 sunt
902 1364 1132 1408 aliquorum
1158 1365 1162 1409 Ι
1185 1375 1398 1409 generum.
1428 1366 1466 1401 id
1489 1368 1553 1402 est
1581 1368 1880 1403 substantiales
1909 1373 1930 1404 r.
1963 1374 2032 1404 111·

203 1428 465 1464 differentiae
494 1438 660 1473 quoquo
690 1429 811 1464 modo
840 1428 1031 1465 dicuntur
1058 1439 1154 1465 esse
1183 1440 1338 1468 eorum.
1379 1431 1486 1468 aliae
1516 1434 1610 1467 sunt
1647 1432 1876 1469 divisibiles

203 1502 357 1531 eorum.
381 1493 779 1545 aliaesconstitutiva
798 1522 804 1528 s
821 1494 1054 1539 specierum
1071 1504 1226 1531 eorum.
1256 1496 1345 1531 Non
1367 1497 1475 1532 enim
1500 1497 1685 1533 eiusdem
1709 1499 1877 1543 generis

150 1570 184 1595 2¹0
205 1559 353 1595 eadem
382 1544 447 1595 est
474 1559 688 1595 divisibilis
717 1561 758 1595 et
785 1560 1063 1596 constitutiva.
1117 1559 1352 1597 Secundum
1390 1562 1500 1606 quod
1534 1563 1671 1598 statIm
1709 1563 1875 1599 animali

203 1625 391 1661 diversas
420 1624 607 1669 assignat
634 1624 894 1660 differentias
923 1626 1212 1662 constitutivas
1242 1628 1282 1662 et
1298 1627 1498 1663 divisivas
1519 1628 1680 1664 dicens:
1714 1629 1759 1664 ΠΙ
1781 1639 1873 1665 eum

201 1700 279 1735 per
303 1700 345 1725 se
372 1692 446 1726 etc.
500 1689 618 1730 Quod
647 1690 704 1725 ait
731 1689 1018 1729 ‚differentiam
1047 1691 1241 1729 animati*⁸
1270 1692 1351 1728 tale
1379 1694 1460 1728 est:
1495 1693 1741 1733 differentia,
1770 1703 1876 1739 quae

203 1758 267 1792 est
295 1756 372 1791 hoc
400 1764 551 1791 nomen
581 1755 841 1793 animatum:
896 1756 954 1791 Ea
984 1757 1153 1800 quidem
1185 1759 1242 1792 es!
1276 1759 1364 1797 etc..
1398 1759 1670 1794 constitutiva
1704 1761 1760 1794 es!
1791 1759 1876 1805 [del

203 1821 425 1862 (tunnulis,
459 1821 496 1856 id
529 1823 593 1857 est
621 1820 856 1856 sententiae
885 1821 1087 1859 animalis.
1116 1822 1234 1858 huius
1262 1822 1452 1861 nominis.
1491 1823 1529 1858 in
1568 1823 1876 1869 significatione

148 1899 182 1924 εὖ
204 1896 300 1931 pars
329 1888 401 1922 est.
456 1885 530 1921 Vel
566 1886 832 1921 substantiae
865 1887 1088 1928 (tutandis,
1125 1887 1163 1922 id
1201 1888 1265 1923 est
1300 1888 1586 1924 substantialis
1623 1889 1877 1925 definitionis

202 1951 405 1987 animalis.
458 1950 576 1987 Unde
616 1951 858 1987 Boethius
898 1951 937 1987 in
979 1952 1279 1996 sequentibus¹
1323 1962 1417 1989 esse
1458 1954 1614 1998 speciei
1655 1954 1744 1990 sive
1785 1955 1877 1990 sub-

203 2017 395 2053 stantiam
425 2016 710 2053 definitionem
739 2017 828 2053 eius
850 2017 1044 2062 appellat,
1067 2017 1162 2062 quia
1184 2018 1343 2054 scilicet
1364 2019 1639 2055 substantiam
1663 2022 1876 2056 monstrat.

203 2082 321 2118 Unde
343 2084 383 2118 et
404 2082 443 2118 in
465 2081 667 2127 Topicis
682 2085 696 2106 ²
717 2082 851 2118 locum
874 2092 899 2118 a
920 2082 1163 2118 definitione
1185 2092 1210 2118 a
1232 2084 1467 2120 substantia
1482 2086 1616 2120 vocat.
1660 2085 1727 2120 Est
1749 2086 1875 2121 enim.

202 2148 352 2184 Probat
379 2157 404 2183 a
431 2157 557 2183 eausa
587 2157 659 2192 per
687 2150 874 2183 naturam
897 2157 1034 2184 rerum
1063 2148 1360 2193 proprietatem
1384 2149 1607 2188 nominum.
1636 2151 1743 2195 quod
1768 2150 1877 2186 vide-

147 2224 182 2249 30
203 2213 286 2249 licit
312 2214 419 2249 bene
448 2213 551 2249 haec
579 2212 906 2249 differentiarum
930 2213 1099 2249 nomina
1121 2223 1273 2250 nomen
1295 2214 1485 2251 animalis
1507 2216 1733 2251 secundum
1756 2216 1878 2261 signi-

201 2278 440 2314 ficationem
469 2278 734 2316 constituunt.
763 2278 872 2323 quod
900 2279 1059 2314 scilicet
1095 2288 1163 2315 res
1193 2288 1335 2315 eorum
1373 2289 1460 2315 rem
1498 2280 1721 2316 animalem
1755 2281 1878 2317 infor-

204 2346 326 2380 mant.
379 2343 426 2379 Et
464 2344 542 2379 hoc
581 2345 661 2379 est:
703 2344 770 2379 Es!
804 2344 916 2379 enim
953 2344 1124 2379 (ιηὶηιιιΙ
1156 2345 1396 2380 substantia
1426 2345 1624 2381 finituma
1653 2346 1878 2387 ευηκῖὺὶηκ,

203 2409 280 2445 boc
307 2411 371 2445 est
397 2409 632 2444 substantia
659 2408 813 2445 affecta
839 2409 1094 2445 animatione
1132 2411 1173 2446 et
1209 2410 1496 2446 sensibilitate.
1550 2411 1624 2446 Per
1652 2421 1724 2446 eas
1751 2411 1876 2447 enim.

203 2474 352 2510 Probat
379 2475 431 2510 ab
459 2474 624 2512 effectu,
652 2474 762 2519 quod
790 2477 885 2510 sunt
912 2474 1126 2513 div1sivae.
1155 2475 1252 2520 quia
1278 2485 1354 2511 nos
1382 2475 1540 2512 scilicet
1576 2486 1650 2521 per
1677 2486 1751 2512 eas
1779 2476 1878 2512 divi-

147 2549 182 2575 35
203 2539 336 2575 dimus
363 2549 522 2585 genera
549 2539 588 2575 in
617 2539 793 2584 species.
823 2541 866 2575 ut
893 2540 1127 2584 expositum
1158 2542 1232 2576 est.

343 2604 424 2640 Sed
463 2605 543 2639 leae
581 2604 765 2648 quidem.
828 2603 934 2644 Quia
976 2604 1139 2640 dixerat
1174 2604 1501 2641 differentiarum
1539 2605 1646 2641 alias
1687 2616 1783 2641 esse
1820 2606 1875 2641 di-
1903 2592 2044 2660 ¹3⁴{f.¹¹.¹.·,

203 2668 372 2708 visivas‚
418 2669 521 2705 alias
570 2669 861 2705 constitutivas
911 2671 952 2705 et
995 2670 1045 2705 de
1096 2669 1280 2714 utrisque
1321 2670 1360 2705 in
1407 2670 1585 2706 diversis
1630 2670 1874 2706 differentiis
1903 2643 2035 2683 1”““”δ”

204 2733 601 2778 exemplificaverat,
630 2744 681 2770 ne
710 2734 803 2770 ideo
832 2734 1053 2772 videretur.
1082 2735 1191 2778 quod
1219 2745 1441 2780 numquam
1471 2736 1644 2771 eaedem
1674 2735 1877 2771 divisivae

204 2801 244 2835 et
278 2799 572 2835 constitutivae
600 2802 752 2839 essent,
782 2800 953 2835 easdem
983 2802 1200 2844 utrumque
1229 2800 1385 2836 habere
1414 2800 1590 2836 diversis
1618 2800 1878 2845 respectibus

149 2873 184 2899 ιο
204 2863 398 2900 ostendit.
450 2863 516 2900 Sic
550 2864 689 2909 iunge:
743 2864 915 2900 Ostendi
953 2864 1211 2900 differentias
1250 2865 1354 2900 alias
1391 2865 1592 2901 divisivas
1629 2875 1737 2903 esse.
1774 2865 1877 2901 alias

204 2927 508 2966 constitutivas.
536 2928 609 2963 sed
639 2931 776 2963 tamen
800 2928 878 2963 liae
901 2928 1088 2967 eaedem,
1111 2937 1217 2973 quae
1239 2927 1442 2964 divisivae
1462 2930 1557 2964 sunt
1578 2937 1776 2973 generum
1800 2931 1875 2965 etc.

204 2993 271 3029 Sic·
297 2993 439 3028 eliam.
492 2993 603 3028 Alias
631 2992 888 3029 differentias
917 2994 1134 3038 utrumque
1163 2993 1319 3029 habere
1348 2993 1540 3033 ostendit.
1569 2993 1728 3039 scilice-t
1755 2996 1795 3030 et
1821 2994 1876 3030 di-

347 3108 356 3131 ¹
381 3110 540 3147 Boeth..
558 3109 599 3141 In
618 3109 754 3150 I'orph.
772 3109 792 3141 I.
807 3118 846 3145 (·.,
865 3118 896 3150 p.
916 3110 980 3141 143
998 3108 1035 3141 ¹⁴.
1119 3108 1133 3130 '-'
1156 3110 1316 3146 Boctli.v
1334 3109 1374 3141 Ιιι
1396 3110 1481 3150 Top.
1499 3110 1570 3142 Cic.
1588 3109 1641 3142 I'L
1657 3111 1711 3148 64,
1733 3110 1873 3142 118713.
