2200 3387
169 460 303 495 Boetli.

145 522 178 554 p,
191 510 260 543 22⁸
274 510 304 544 B

334 252 402 290 210
743 257 846 289 l‘eter
874 255 1077 288 Abaelards
1107 257 1237 297 μορίου
1265 254 1588 297 ,lng1·e(lientibus‘.

334 354 503 389 alterius
532 353 739 389 diceretur
767 354 843 389 boc
873 354 1011 389 modo:
1049 354 1079 388 si
1118 353 1182 388 bic
1217 355 1279 388 est
1307 353 1438 388 albius
1468 353 1533 388 illo
1576 354 1697 389 bodie
1734 364 1854 399 quam
1893 356 1992 393 lieri.

333 422 427 454 tune
456 420 519 454 est
546 418 688 454 albius.

483 483 652 518 l'ia'etm·
677 485 830 518 antem.
883 483 1012 519 Aliam
1043 483 1237 527 supponit
1271 483 1617 520 communitatem.
1653 493 1725 528 per
1754 493 1875 528 quam
1912 483 1992 520 iam

333 547 478 582 callide
507 546 734 591 ingreditur
761 546 976 582 debilitare
1011 547 1314 591 suprapositam
1354 547 1649 584 definitionem,
1685 557 1791 592 quae
1829 547 1992 591 quidem

332 611 603 647 communitas
620 612 754 647 multis
771 612 995 647 convenire
1013 611 1174 646 videtur
1189 621 1296 655 quae
1310 611 1493 646 relativis
1510 622 1590 647 non
1607 614 1702 647 sunt
1717 612 1990 658 adiungenda.
2010 623 2026 649 5

332 679 373 711 ut
395 678 489 712 sunt
511 676 653 712 scibile
675 680 761 717 <eb
784 676 956 712 seientia
975 677 1038 711 vel
1062 677 1212 711 alatum
1235 678 1274 711 et
1295 676 1370 711 ala.
1423 676 1519 711 Cum
1544 678 1680 712 autem
1703 677 1741 712 in
1771 679 1990 713 tractatu

331 741 480 777 Simul
504 741 681 777 diversis
698 741 828 777 modis
846 741 1020 785 accipiat
1042 741 1167 777 ,simul
1186 750 1280 776 esse
1304 741 1341 776 in
1360 743 1528 777 natura.
1548 741 1612 776 hic
1632 742 1808 786 priorem
1827 742 1990 778 modum

333 806 518 851 intelligit
545 816 687 842 eorum
711 816 817 850 quae
834 806 951 841 simul
976 815 1071 841 esse
1092 808 1239 841 natura
1260 806 1310 840 ibi
1337 805 1433 841 dicit
1457 806 1516 841 liis
1534 806 1712 842 verbis¹z
1736 806 1992 843 ,Naturaliter

332 871 449 907 simul
487 880 582 907 esse
620 871 819 906 dicuntur.
859 880 1142 915 quaecumque
1183 872 1480 906 convertuntur
1519 871 1744 906 secundum
1783 871 1891 915 quod
1929 873 1992 906 cst

331 946 426 972 esse
463 936 816 979 consequentiam.
854 935 926 970 sed
966 945 1225 979 nequaquam
1262 945 1387 970 causa
1427 936 1489 971 est
1529 936 1700 971 alterum
1741 936 1909 971 alterius
1949 938 1990 972 ut
2012 949 2044 975 10

330 1001 414 1037 ssit.
444 1004 508 1039 ut>
536 1001 574 1035 in
603 1000 725 1045 duplo
754 1003 794 1035 et
815 1000 1004 1035 dimidio:
1057 1000 1152 1035 'l'ria
1174 1001 1311 1044 itaque
1334 1002 1582 1036 concurrunt
1610 1001 1658 1036 .in
1683 1001 1800 1036 simul
1822 1002 1990 1041 natura‘,

331 1067 438 1110 quod
468 1066 670 1101 videlicet.
700 1075 805 1109 quae
834 1065 969 1109 posita
997 1067 1135 1100 mutuo
1164 1074 1260 1100 sese
1290 1067 1456 1109 ponunt,
1494 1065 1633 1101 ablata
1669 1074 1764 1101 sese
1800 1065 1992 1101 auferunt

330 1134 369 1165 et
397 1131 566 1175 insuper
594 1132 780 1166 neutrum
811 1129 981 1165 alterius
1009 1140 1134 1165 causa
1162 1132 1235 1165 est.
1288 1129 1370 1165 Etsi
1400 1130 1507 1165 enim
1529 1131 1701 1165 alterum
1724 1130 1989 1166 relativorum

330 1195 419 1230 sine
448 1195 577 1230 altero
607 1204 702 1229 esse
732 1204 811 1229 non
843 1193 984 1238 possit.
1020 1203 1278 1238 nequaquam
1309 1196 1445 1229 tamen
1474 1194 1644 1229 alterum
1676 1194 1863 1229 existens
1892 1194 1990 1229 alte-

330 1258 413 1293 rius
442 1267 569 1294 causa
604 1260 678 1294 est.
716 1258 811 1302 quia
848 1267 969 1293 omne
1007 1254 1114 1301 quod
1154 1257 1270 1292 alteri
1312 1266 1407 1292 esse
1448 1256 1618 1294 confert.
1659 1257 1900 1292 naturaliter
1938 1266 1988 1292 eo
2010 1266 2043 1291 15

331 1324 442 1367 prius
484 1325 557 1359 est.
617 1323 715 1358 Cum
751 1323 1055 1358 Aristoteles
1095 1321 1191 1357 dicit
1231 1322 1571 1365 consequentiam
1615 1331 1721 1361 9839,
1762 1322 1987 1357 naturalem

329 1387 635 1423 comitationem
676 1387 825 1431 accipit
864 1386 1126 1423 existentiae.
1166 1387 1255 1427 <suth
1297 1386 1490 1421 videlicet
1534 1386 1642 1421 nullo
1683 1386 1809 1421 modo
1845 1386 1991 1421 natura

330 1452 509 1497 patiatur
535 1452 706 1487 alterum
731 1460 826 1486 esse
849 1451 938 1486 sine
961 1451 1101 1487 altero.
1132 1451 1238 1486 unde
1263 1459 1338 1485 nec
1359 1460 1440 1485 non
1464 1460 1556 1485 esse
1579 1451 1709 1485 simul.
1761 1450 1827 1485 Sic
1850 1450 1989 1494 iunge:

329 1516 418 1552 Non
446 1516 576 1551 solum
605 1516 779 1551 relativa
806 1517 1104 1551 convertuntur
1131 1515 1181 1550 ad
1221 1514 1409 1550 invicem.
1448 1524 1539 1549 nam
1579 1514 1699 1549 etiam
1739 1514 1857 1549 simul
1895 1516 1990 1549 sunt

330 1583 485 1617 natura.
539 1581 585 1616 El
617 1580 657 1616 ἱη
687 1581 788 1616 aliis
815 1580 998 1624 quidem.
1050 1579 1149 1615 Aliis
1178 1579 1273 1615 (licit
1301 1581 1495 1623 respectu
1524 1579 1678 1614 scibilis
1707 1580 1747 1614 et
1775 1579 1988 1616 scientiae.
2009 1589 2044 1615 20

329 1644 536 1680 sensibilis
565 1646 605 1680 et
632 1654 794 1680 sensus.
823 1652 929 1688 quae
959 1644 1105 1687 postea
1132 1644 1268 1687 ponet.
1306 1643 1535 1678 secundum
1570 1642 1646 1678 noc
1673 1643 1782 1686 quod
1818 1642 1991 1678 relativa

328 1710 585 1745 videbantur.
637 1709 776 1745 Simul
804 1709 928 1744 enim.
984 1708 1089 1744 Vere
1118 1708 1292 1743 relativa
1320 1708 1437 1743 simul
1468 1709 1563 1742 sunt
1589 1709 1746 1746 natura.
1775 1707 1870 1752 quia
1899 1707 1988 1743 ista.

328 1775 375 1811 Et
402 1785 497 1810 rum
525 1775 589 1810 sit.
643 1774 834 1810 Ostendit
862 1783 935 1819 per
962 1774 1142 1809 mutuam
1173 1773 1237 1808 sui
1263 1772 1514 1817 positionem
1541 1774 1582 1807 et
1608 1773 1790 1808 mutuam
1825 1771 1888 1807 sui
1922 1772 1989 1808 ab·

327 1839 522 1875 lationem
551 1848 601 1874 ea
628 1838 747 1874 simul
770 1847 866 1874 esse
889 1840 1046 1873 natura.
1097 1837 1142 1873 Si
1163 1837 1289 1872 enim.
1345 1836 1451 1871 Vere
1474 1836 1648 1871 relativa
1669 1845 1766 1871 sese
1788 1835 1988 1873 auferuntv

327 1903 422 1947 quia
449 1902 539 1938 ista.
590 1903 623 1938 Α
641 1902 837 1947 partibus.
889 1901 1073 1947 intellige
1102 1902 1238 1937 autem
1268 1910 1349 1935 non
1382 1909 1546 1935 sensum
1583 1899 1987 1944 consequentiarum.
2009 1912 2042 1936 2⁵

327 1967 401 2003 sed
429 1967 768 2011 categoricarum.
806 1976 853 2001 ac
882 1965 916 2001 si
944 1965 1100 2001 diceret
1127 1974 1209 2000 non
1238 1974 1361 2009 posse
1391 1973 1482 1999 esse
1511 1973 1688 2004 servum,
1718 1962 1812 2007 quin
1842 1963 1894 1998 sit
1921 1963 1988 1998 do-

327 2032 472 2068 minus.
488 2041 565 2067 nec
581 2041 661 2067 non
680 2040 786 2067 esse.
809 2030 903 2075 quin
929 2040 1010 2065 non
1034 2030 1096 2069 sit,
1118 2039 1199 2065 non
1223 2029 1387 2073 quidem
1410 2030 1606 2073 quantum
1628 2029 1679 2064 ad
1702 2028 1987 2064 substantiam.

328 2095 401 2130 sed
417 2102 614 2139 quantum
637 2095 687 2130 ad
709 2094 921 2130 relationis
944 2093 1251 2138 proprietatem.
1302 2092 1443 2128 Potest
1465 2092 1615 2136 quippe
1638 2101 1733 2127 esse
1755 2091 1988 2127 substantia

328 2160 417 2195 eius
445 2160 512 2205 qui
540 2169 686 2195 servus
708 2161 772 2194 est
793 2159 859 2194 ita.
887 2160 1032 2194 utnon
1057 2159 1299 2202 permaneat
1319 2157 1352 2192 is
1375 2157 1441 2201 qui
1473 2157 1673 2193 dominus.
1712 2158 1753 2192 ut
1784 2157 1817 2191 si
1842 2156 1986 2191 Datius

328 2227 569 2269 permaneat
598 2226 811 2269 perempto
840 2222 1018 2259 Simone.
1071 2223 1151 2258 Sed
1186 2231 1446 2266 nequaquam
1483 2222 1619 2266 potest
1655 2222 1694 2256 in
1732 2220 1986 2266 proprietate
2007 2234 2042 2257 30

327 2290 436 2325 servi
464 2290 656 2334 respectu
684 2289 853 2325 alterius
881 2289 1087 2327 constare,
1116 2288 1192 2323 nisi
1221 2288 1325 2323 alter
1352 2287 1391 2322 in
1426 2286 1678 2331 proprietate
1712 2285 1867 2322 domini
1898 2294 1988 2330 per-

327 2354 534 2390 manserit.
588 2354 757 2390 Videtur
783 2356 919 2389 autem
948 2353 1187 2389 Boethius
1214 2354 1321 2388 banc
1349 2352 1643 2396 proprietatem
1666 2351 1845 2387 maxime
1867 2359 1987 2386 voca-

328 2419 430 2455 bulis
459 2419 709 2456 adscribere.
747 2419 879 2463 gratia
906 2420 1043 2454 tamen
1072 2418 1368 2462 proprietatum
1399 2426 1500 2462 quas
1530 2416 1817 2452 determiiiant.
1868 2415 1986 2451 Unde

327 2484 378 2520 de
406 2484 590 2528 utrisque
618 2484 869 2519 mentionem
897 2483 995 2518 facit
1022 2483 1164 2519 dicens
1178 2486 1208 2517 ²:
1238 2482 1404 2518 ,Rursus
1433 2482 1466 2516 si
1494 2483 1640 2526 pereat
1674 2480 1793 2517 filius.
1828 2481 1985 2525 patrem

327 2558 491 2593 quoque
519 2549 655 2593 perire
683 2558 860 2584 necesse
889 2551 962 2584 est,
998 2557 1077 2583 non
1108 2547 1215 2592 quod
1250 2548 1395 2591 pereat
1428 2546 1518 2591 ipsa
1553 2545 1794 2583 substantia,
1828 2546 1871 2580 ut
1899 2553 1986 2589 per-
2007 2556 2040 2579 :za

328 2616 451 2649 eunte
480 2613 656 2649 Hectore
683 2613 866 2648 Priamus
900 2614 1054 2657 pereat,
1091 2612 1163 2647 sed
1192 2611 1297 2656 perit
1325 2612 1413 2656 ipsa
1442 2611 1599 2647 relatio.
1650 2610 1755 2655 Ergo
1793 2609 1984 2655 quoniam

327 2677 392 2713 vel
421 2677 667 2721 interempto
694 2677 821 2721 patris
848 2677 1013 2712 nomine
1040 2676 1111 2711 filii
1141 2684 1287 2711 nomen
1317 2675 1422 2719 perit
1450 2675 1694 2718 sublatoque
1722 2673 1792 2708 t'ilii
1820 2673 1985 2709 nomine

328 2742 456 2787 patris
484 2742 600 2786 perit.
629 2742 760 2786 posito
783 2742 905 2777 etiam
936 2744 1051 2785 patre
1074 2741 1113 2776 in
1135 2740 1450 2784 substantiaque
1479 2739 1700 2774 constituto
1731 2738 1801 2773 filii
1822 2747 1986 2782 quoque

328 2815 478 2841 nomen
507 2805 678 2841 infertur
706 2807 746 2840 et
774 2805 907 2849 posito
929 2805 999 2839 filii
1020 2804 1185 2839 nomine
1208 2803 1393 2847 sequitur
1414 2803 1541 2847 patris
1565 2805 1604 2838 et
1625 2812 1649 2837 a
1670 2802 1797 2846 patris
1820 2800 1984 2836 nomine

328 2879 546 2915 numquam
577 2871 795 2915 separatur
823 2872 862 2905 et
890 2869 1042 2905 idcirco
1070 2871 1188 2913 pater
1215 2870 1254 2904 et
1279 2868 1385 2903 iilius
1414 2867 1531 2902 simul
1554 2876 1647 2902 9889
1670 2866 1879 2902 dicuntur:
1927 2865 1985 2901 De
2005 2876 2040 2900 40

327 2935 542 2970 vocabulis
569 2936 706 2970 autem
735 2935 914 2970 maxime
943 2934 1005 2969 liic
1034 2934 1127 2978 egit,
1164 2933 1257 2977 quia
1292 2933 1425 2968 adbuc
1452 2932 1626 2967 relativa
1662 2932 1888 2966 tractantur
1924 2939 1985 2965 se-
2044 2970 2050 2977 ⁸

472 3059 505 3088 11
539 3057 584 3087 sit
613 3059 647 3087 ut
676 3056 808 3087 addidi
834 3065 876 3086 ι’]
906 3056 1058 3087 Boelhio
1159 3054 1198 3086 12
1228 3052 1338 3093 quod}
1368 3054 1451 3093 quia
1480 3053 1504 3084 A
1608 3053 1644 3083 >ll
1678 3052 1721 3083 ad
1748 3052 1814 3082 lioc
1839 3051 1865 3083 A

472 3126 478 3145 ¹
510 3126 654 3157 nomn
685 3126 696 3156 Ι
735 3137 773 3160 ν,
804 3136 833 3165 p,
865 3126 985 3157 2871).
1116 3125 1129 3143 ‘²
1159 3124 1302 3155 Hoetli.
1333 3124 1353 3155 Ι,
1383 3134 1421 3158 (κ,
1450 3132 1482 3162 p,
1513 3123 1629 3153 ἰέζἫΓ.
