2200 3387
162 2631 183 2660 s.
216 2631 286 2661 161·

314 268 376 300 114
720 268 825 299 l'ctei·
853 268 1055 299 Abzwlzirds
1085 268 1216 307 liogicu
1246 267 1568 307 .lngredientilnis‘.

312 365 637 409 supponenda
672 365 751 400 sit.
786 364 1056 408 quaeritur.
1116 364 1194 398 Sed
1231 372 1364 407 neque
1401 363 1534 407 logica
1571 372 1666 398 esse
1703 372 1837 407 neque
1873 373 1968 407 pars

312 429 471 473 logicae
507 429 662 464 dicitur.
715 428 856 463 Omnis
891 437 1067 471 namque
1102 427 1233 471 logica
1272 427 1373 462 duas
1410 426 1534 462 habet
1570 428 1708 470 partes
1745 426 1969 470 integrales

313 504 387 529 nee
417 494 519 529 alias
548 494 702 528 habere
732 493 947 528 invenitur.
976 492 1189 527 seientiam
1217 491 1373 527 scilicet
1402 491 1638 526 inveniendi
1661 492 1903 536 argumenta
1931 492 1971 526 et

312 558 572 594 diiudicandi.
603 558 639 593 id
669 560 732 593 est
760 557 1066 602 comprobandi.
1096 556 1262 591 inventa
1281 559 1302 590 ¹.
1356 556 1464 591 Haec
1493 558 1629 591 autem
1658 556 1832 591 scientia
1856 564 1971 600 prae-

313 623 635 658 dicamentorum
667 632 742 658 nec
770 624 1012 667 argumenta
1042 622 1161 656 docet
1188 621 1376 656 invenire
1405 630 1480 656 nec
1508 621 1677 656 inventa
1711 619 1969 656 confirmare.
1991 634 2006 655 ς,

314 688 428 723 l'nde
464 688 573 723 nullo
608 688 729 723 modo
765 687 924 731 logicae
959 686 1134 731 supponi
1169 685 1326 721 dicitur.
1361 686 1454 721 licet
1486 687 1623 721 tamen
1657 685 1817 730 logicae
1850 685 1970 720 valde

312 752 551 787 necessaria
580 751 642 786 sit.
696 751 745 785 At
774 760 873 785 vero
901 750 1140 785 Boethius
1170 749 1261 784 huic
1289 749 1527 784 consentire
1550 758 1631 784 non
1655 749 1826 784 videtur.
1871 747 1969 783 Cum

311 817 417 851 enim
453 817 508 852 ait
543 816 648 851 hunc
685 816 827 850 librum
863 815 1153 859 apponendum
1183 823 1278 849 esse
1307 813 1633 857 ingredientibus
1660 813 1845 858 logicam,
1882 822 1972 857 pro-

310 883 419 917 fecto
448 881 627 916 insinuat
658 890 749 916 eum
779 880 845 923 qui
874 880 981 915 hunc
1009 879 1153 914 librum
1183 879 1289 923 legit.
1319 879 1358 913 in
1388 878 1476 922 ipso
1504 878 1583 914 iam
1605 877 1764 923 ingredi
1786 877 1971 922 logicam,

313 946 419 990 quod
459 955 719 990 nequaquam
758 947 882 981 esset.
922 944 999 979 nisi
1038 944 1114 979 iste
1152 944 1202 979 de
1240 943 1373 987 logica
1410 944 1533 979 esset.
1595 942 1710 982 Quod
1748 942 1872 978 etiam
1908 942 1971 977 his
1995 956 2026 979 ιω

311 1012 450 1047 verbis
486 1010 743 1046 manifestius
778 1009 955 1054 aperit-'t
997 1008 1221 1049 ,Quoniam
1258 1008 1397 1052 inquit.
1432 1018 1499 1043 ars
1533 1008 1667 1053 logica
1700 1007 1749 1043 de
1784 1007 1972 1042 oratione

312 1080 376 1111 est
405 1079 444 1111 et
472 1076 510 1111 in
542 1077 618 1111 hoc
647 1084 772 1120 opere
798 1076 848 1110 de
872 1074 1041 1109 vocibus
1063 1073 1344 1118 principaliter
1364 1074 1640 1117 pertractatur
1659 1094 1704 1097 —
1725 1081 1971 1116 quamquam

313 1140 420 1175 enim
448 1140 499 1174 sit
531 1139 648 1174 huius
682 1139 771 1174 libri
802 1138 947 1174 relatio
979 1138 1031 1173 ad
1064 1138 1228 1173 ceteras
1263 1146 1426 1181 quoque
1454 1136 1740 1181 philosophiae
1768 1137 1907 1180 partes
1928 1156 1973 1160 ——
2018 1155 2028 1165 κ

320 1204 620 1248 ,principaliter
653 1206 790 1239 tamen
825 1203 1002 1238 refertur
1029 1203 1081 1237 ad
1108 1202 1294 1247 logicam.
1329 1202 1379 1237 de
1407 1201 1522 1237 cuius
1549 1201 1852 1245 quodammodo
1881 1200 1972 1236 sim-

315 1269 487 1314 plicibus
511 1268 738 1304 elementis.
762 1268 799 1303 id
817 1269 880 1303 est
896 1268 946 1302 de
969 1267 1242 1304 sermonibus,
1265 1267 1304 1301 in
1327 1270 1401 1307 eo>
1417 1266 1699 1310 principaliter
1719 1265 1971 1310 disputatur.‘
1997 1277 2026 1302 15

457 1334 505 1369 At
540 1342 639 1368 vero
674 1343 763 1368 cum
799 1333 901 1368 haec
936 1332 1109 1367 scientia
1144 1332 1193 1367 de
1227 1332 1363 1377 logica
1396 1340 1491 1366 esse
1519 1331 1781 1371 concedatur,
1818 1331 1973 1366 restat

315 1398 567 1444 quaestio.
590 1400 745 1433 utrum
769 1397 1015 1433 scientiae
1038 1396 1329 1432 inveniendi
1357 1406 1414 1431 an
1438 1395 1691 1431 iudicandi
1713 1395 1775 1430 sit
1797 1404 1973 1439 suppo-

313 1464 485 1499 nenda.
539 1463 618 1499 Sed
653 1463 703 1498 ad
739 1462 1019 1497 inventionem
1058 1463 1171 1497 recte
1205 1461 1392 1498 refertur,
1430 1460 1526 1505 quia
1561 1460 1626 1496 hic
1662 1459 1884 1505 praecipue
1918 1459 1974 1495 in-

313 1529 508 1564 struimur
523 1527 842 1564 adinvenienda
863 1528 1108 1572 argumenta
1124 1527 1213 1562 eius
1229 1526 1487 1570 quaestionis
1509 1535 1615 1570 quae
1637 1526 1742 1561 teste
1764 1524 1973 1560 Boethio

312 1592 424 1637 prior
459 1593 532 1627 est.
586 1591 678 1636 Ipse
713 1591 820 1626 enim
855 1590 893 1626 in
932 1590 1089 1634 primo
1124 1590 1374 1625 secundae
1409 1588 1648 1625 editionis
1683 1598 1831 1633 super
1862 1587 1972 1623 Por-
1993 1606 2026 1631 20

312 1657 564 1701 phyrium3
598 1656 666 1691 tali
693 1655 853 1691 ratione
883 1655 1151 1699 quaestiones
1180 1654 1353 1699 partitur
1379 1654 1539 1690 dicens:
1568 1653 1740 1698 primum
1769 1653 1973 1697 inquiren-

312 1721 481 1756 rendum
511 1730 607 1756 esse
636 1721 685 1755 de
714 1720 850 1764 aliquo
880 1730 930 1755 an
961 1719 1022 1756 sit.
1060 1721 1208 1764 postea
1235 1719 1331 1763 quid
1359 1719 1411 1754 sit
1437 1719 1502 1754 vel
1531 1719 1663 1763 quale,
1691 1718 1730 1753 in
1758 1728 1838 1763 quo
1866 1719 1972 1754 cete-

312 1795 448 1821 rorum
483 1794 646 1830 quoque
681 1784 954 1820 accidentium
990 1784 1259 1828 quaestiones
1291 1783 1472 1823 includit,
1509 1783 1688 1827 denique
1719 1792 1789 1819 cur
1821 1782 1877 1818 ita
1910 1782 1971 1818 sit.

312 1851 373 1886 Ad
402 1860 492 1886 earn
522 1859 621 1885 vero
651 1849 938 1894 quaestionem
968 1858 1087 1893 quam
1116 1849 1288 1893 primam
1318 1848 1506 1886 diximus,
1534 1848 1788 1893 argumentis
1810 1847 1973 1883 firman—

313 1916 416 1961 dam
434 1916 535 1950 haec
565 1914 994 1959 praedicamentorum
1023 1913 1231 1949 distinctio
1260 1913 1438 1949 maxime
1461 1913 1702 1948 necessaria
1729 1914 1800 1951 est,
1829 1921 1972 1948 secun·
1993 1929 2026 1954 25

313 1980 405 2015 dum
435 1989 556 2024 quam
585 1981 722 2024 potest
751 1979 913 2014 ostendi
941 1979 990 2014 de
1019 1979 1155 2022 aliquo
1183 1988 1233 2013 an
1264 1978 1316 2014 sit
1342 1978 1506 2022 aliquid,
1540 1978 1572 2013 si
1602 1978 1794 2013 videlicet
1821 1977 1972 2021 aliquid

312 2045 742 2089 praedicamentorum
770 2043 995 2088 poterimus
1023 2043 1061 2078 ei
1091 2045 1247 2087 aptare,
1275 2052 1326 2078 an
1356 2052 1438 2078 non
1467 2043 1528 2079 sit.
1557 2042 1591 2078 si
1618 2042 1781 2083 nullum,
1815 2051 1863 2077 ac
1894 2039 1972 2077 for-

312 2112 423 2145 tasse
460 2109 555 2153 quid
594 2109 716 2144 etiam
755 2109 817 2144 sit.
853 2108 884 2143 si
922 2108 1115 2144 videlicet
1151 2107 1300 2143 ceteris
1338 2107 1507 2143 remotis
1540 2116 1663 2142 unum
1697 2107 1971 2152 assignemus,

313 2175 417 2210 sicut
444 2174 541 2210 facit
568 2174 874 2209 Aristoteles
901 2173 940 2208 in
970 2173 1223 2213 Qualitate
1251 2173 1392 2208 dicens
1411 2176 1434 2207 ⁴:
1467 2172 1634 2210 ‚Nullum
1664 2172 1772 2208 enim
1799 2172 1972 2207 aliorum

312 2239 741 2283 praedicamentorum
777 2238 984 2283 aptabitur
1012 2238 1235 2273 iniustitiae
1271 2247 1405 2282 neque
1439 2237 1647 2282 quantitas
1681 2239 1767 2273 etc:
1992 2254 2026 2277 30

455 2303 635 2339 ,Restat-³
668 2303 953 2347 inscriptio.
988 2312 1095 2347 quae
1129 2303 1246 2338 varia
1276 2302 1360 2338 fuit.
1412 2302 1666 2353 inscripsere
1701 2310 1877 2347 namque
1905 2301 1973 2337 alii

313 2369 363 2404 de
391 2369 526 2404 rebus.
555 2368 620 2403 alii
650 2368 700 2403 de
722 2368 968 2413 generibus.
996 2367 1033 2403 id
1057 2369 1120 2402 est
1148 2367 1354 2405 maneriis,
1376 2376 1523 2405 rerum,
1553 2376 1668 2411 „quos
1691 2367 1838 2403 eadem
1865 2365 1973 2402 simi-

313 2433 443 2477 lisque
472 2434 591 2477 culpa
619 2432 855 2468 confundit.
908 2432 1023 2472 Quod
1040 2436 1054 2455 ’ἰ
1081 2432 1189 2467 enim
1215 2432 1265 2467 de
1288 2432 1458 2468 vocibus
1479 2434 1633 2467 tantum
1657 2431 1854 2471 intendat,
1881 2430 1972 2475 ipse

313 2498 547 2533 manifestat
576 2498 756 2533 dicens?
785 2497 943 2534 ,Eorum
973 2506 1079 2541 quae
1114 2497 1339 2532 secundum
1375 2497 1524 2532 nullam
1559 2496 1889 2541 complexionem
1917 2495 1972 2530 di-

313 2565 469 2598 cuntur.
508 2562 711 2607 singulum
748 2564 817 2597 aut
854 2561 1059 2606 significat
1095 2561 1367 2597 substantiam
1402 2563 1488 2597 etc!
1543 2561 1639 2596 illud
1679 2570 1841 2605 quoque
1875 2560 2024 2599 vali-:35

316 2625 485 2661 (lissimo
509 2627 571 2661 est
594 2627 850 2668 argumento,
873 2634 964 2660 eum
989 2624 1145 2660 scilicet
1167 2625 1217 2660 de
1235 2619 1406 2660 vocibus
1436 2609 1674 2661 intendisse,
1703 2624 1811 2668 quod
1839 2624 1938 2659 ait-³:
1963 2623 1967 2668 Ι

455 2764 494 2793 13
524 2763 639 2802 prosit
667 2763 703 2793 ἱη
736 2763 760 2792 Α
797 2772 912 2794 suver
940 2762 1077 2794 [lumem
1111 2763 1294 2803 seriptum
1409 2763 1446 2794 14
1483 2762 1825 2802 principaliter—15
1859 2762 1892 2793 in
1927 2770 1970 2793 eo

313 2820 445 2852 addida·
472 2830 513 2852 es
541 2821 667 2852 Boetlz.
762 2822 803 2852 20
833 2822 949 2861 prima
976 2822 1001 2853 Α
1099 2823 1140 2853 33
1169 2822 1331 2853 confudit
1359 2822 1483 2853 Boelh.

454 2896 461 2917 ¹
493 2898 543 2928 Cr.
572 2906 691 2937 snpra
721 2898 757 2928 ῖη
788 2898 932 2929 Glossis
958 2906 1072 2937 snper
1100 2897 1235 2937 Porph.
1264 2907 1297 2937 p.
1325 2890 1383 2928 3³³.

453 2955 466 2975 2
493 2955 639 2986 Boeth.
669 2955 689 2986 l.
718 2966 756 2990 e..
787 2965 817 2994 p.
851 2955 998 2987 1151CD.

453 3014 466 3032 ³⁴
494 3013 652 3046 Boetli..
683 3013 723 3044 Ιη
755 3014 890 3053 Porph.
919 3014 973 3045 ed.
1003 3014 1027 3044 ll
1057 3013 1077 3045 I.
1106 3022 1144 3049 (z,
1174 3022 1206 3053 p.
1238 3013 1356 3045 1371&

452 3072 464 3092 ⁴
495 3072 655 3104 Boeth..
687 3072 726 3103 [η
757 3073 879 3111 Galen.
908 3072 929 3103 l.
958 3082 996 3109 (·.,
1026 3081 1058 3112 p.
1088 3073 1206 3104 2563.
1305 3072 1318 3092 7¹
1347 3073 1492 3104 Boeth.
1523 3073 1543 3104 I.
1573 3082 1610 3109 r„
1641 3082 1670 3112 p.
1704 3073 1767 3104 1⁴52
1784 3072 1854 3104 AB.

450 3130 466 3149 ¹²
494 3131 543 3162 (Τ.
567 3131 713 3162 Boeth.
737 3131 757 3162 l.
775 3140 801 3162 (κ
900 3129 912 3151 Τ
941 3131 1086 3163 Boeth.
1111 3131 1131 3162 l.
1149 3141 1186 3167 (κ,
1216 3140 1248 3171 p.
1268 3131 1331 3162 180
1348 3132 1387 3163 Α,
1493 3133 1506 3148 ⁸
1534 3131 1680 3162 Boeth.
1704 3131 1724 3162 Ι.
1747 3140 1785 3167 (ἢ,
1802 3140 1836 3170 p.
1855 3131 1968 3163 1803.
