2200 3387
180 1207 316 1243 Boeth.

157 1265 191 1298 p.
204 1255 274 1290 25ss
288 1256 317 1290 A

349 236 416 272 242
773 238 880 271 Peter
904 236 1110 271 Abaelards
1136 237 1273 280 Logica
1299 234 1624 280 ,Ingredientibus‘.

349 336 466 376 Quod
494 335 677 372 ostendit
712 335 753 371 in
788 335 985 380 partibus.
1023 334 1119 379 quia
1153 334 1293 370 rubori
1329 334 1487 371 scilicet
1523 335 1564 370 et
1598 333 1745 379 pallori
1781 334 1822 369 et
1857 332 2008 369 ceteris

348 401 494 437 mediis
531 401 749 438 coloribus.
789 400 884 436 licet
923 400 1144 445 qualitates
1183 399 1376 438 existant,
1413 399 1513 435 nihil
1541 400 1605 435 est
1639 398 1901 435 contrarium.
1957 396 2010 433 Ut

348 466 457 503 enim
483 466 561 502 hoc
587 466 678 502 loco
706 465 944 502 Boethius
972 465 1028 501 ait
1044 468 1065 507 ¹,
1100 465 1309 501 contraria
1336 466 1440 503 sunt.
1463 473 1569 509 quae
1591 463 1831 509 longissime
1858 462 2010 498 distant

347 531 398 566 ab
426 529 614 567 invicem,
650 529 690 565 in
718 528 974 564 adversitate
1011 528 1169 564 scilicet
1204 527 1397 573 propriae
1436 529 1620 563 naturae.
1671 526 1873 563 Medietas
1907 534 2009 562 vero

347 595 550 631 albedinis
579 596 619 630 et
646 593 873 640 nigredinis
901 603 925 629 a
952 602 998 629 se
1026 593 1243 638 plurimum
1270 602 1354 628 non
1381 592 1516 630 distat,
1552 592 1655 628 sicut
1691 591 1840 628 albedo
1877 591 1919 627 et
1952 590 2010 626 ni·
2029 594 2045 619 5

345 660 487 706 gredo,
515 669 622 705 quae
650 661 744 695 sunt
772 658 1069 694 extremitates.
1123 657 1241 698 Quod
1269 657 1304 693 si
1331 657 1421 702 quis
1449 658 1557 693 dicat
1591 657 1684 702 ipsa
1718 656 1854 692 media
1889 655 2011 700 pluri-

346 733 455 760 mum
484 724 639 760 distare
666 733 690 759 a
718 722 904 758 terminis
933 724 973 758 et
999 722 1094 758 ideo
1123 731 1173 758 ea
1200 731 1364 767 quoque
1402 721 1503 766 ipsis
1541 730 1637 757 esse
1673 719 1891 761 contraria,
1928 719 2010 756 iam

346 789 415 825 uni
454 789 525 826 rei.
565 790 607 824 ut
639 788 695 824 ait
729 787 1008 828 Boethius2,
1050 787 1129 823 duo
1167 787 1375 823 contraria
1413 786 1690 827 inveniuntur,
1727 787 1770 822 ut
1805 784 2011 831 nigredini

345 855 471 891 rubor
498 856 538 890 et
558 853 718 891 albedo,
744 853 864 898 quod.
894 852 1033 898 inquit,
1062 852 1154 888 fieri
1175 862 1258 888 non
1279 853 1428 897 potest.
1479 851 1591 887 Duas
1613 852 1751 887 autem
1772 859 1840 886 res
1860 848 2011 894 accipit

345 928 429 954 non
457 918 684 954 secundum
711 926 938 957 numerum,
967 917 1042 953 sed
1069 916 1297 952 secundum
1333 915 1527 961 speciem.
1578 915 1865 960 Unaquaeque
1901 913 2010 950 enim
2032 919 2065 944 10

346 983 518 1029 nigredo
547 982 767 1027 unicuique
795 982 977 1018 albedini
1013 981 1223 1017 contraria
1260 983 1323 1017 est
1359 983 1400 1017 et
1435 980 1618 1016 maxime
1655 980 1845 1021 adversa,
1879 980 1921 1015 et
1953 978 2012 1015 ita

346 1048 473 1084 multa
499 1057 671 1084 numero
699 1047 858 1084 eisdem
886 1047 1027 1083 insunt
1054 1047 1272 1087 contraria,
1309 1046 1381 1082 sed
1408 1055 1491 1082 non
1517 1046 1669 1081 multae
1698 1044 1873 1090 species,
1901 1043 2011 1089 quod

345 1113 511 1158 quidem
538 1114 663 1153 esset,
691 1113 726 1149 si
752 1113 878 1148 rubor
905 1114 945 1148 et
971 1112 1133 1153 albedo,
1161 1121 1267 1157 quae
1290 1111 1430 1156 specie
1452 1110 1657 1149 differunt,
1685 1111 1829 1146 essent
1849 1109 2010 1146 contra-

344 1178 431 1215 riae
458 1178 674 1225 nigredini.

486 1244 696 1289 Amplius.
724 1243 944 1288 Postquam
961 1242 1142 1279 ostendit
1157 1242 1396 1287 qualitatem
1412 1242 1566 1277 habere
1583 1240 1802 1281 contraria,
1815 1239 2009 1281 ostendit,
2030 1244 2063 1269 15

345 1318 452 1354 quae
479 1317 547 1345 res
574 1309 757 1345 habeant
777 1308 1007 1344 contrarias
1030 1307 1261 1352 qualitates,
1284 1306 1442 1342 scilicet
1463 1315 1546 1341 non
1567 1315 1635 1341 res
1657 1305 1831 1341 aliorum
1850 1304 2011 1350 praedi-

345 1376 639 1410 camentorum.
691 1373 966 1410 Continuatio.
1018 1372 1113 1408 Dixi
1149 1372 1200 1408 de
1236 1371 1513 1417 qualitatibus,
1552 1371 1662 1415 quod
1699 1369 1907 1407 contraria
1941 1369 2012 1406 ha-

344 1439 481 1480 beant,
524 1439 698 1484 amplius
733 1439 783 1475 de
820 1438 970 1474 eodem
1014 1447 1144 1483 agens
1182 1436 1424 1478 determino,
1461 1436 1691 1472 cuiusmodi
1724 1445 1793 1471 res
1828 1435 2011 1471 habeant

345 1504 587 1541 contrarias.
638 1503 686 1540 Et
712 1505 790 1540 hoc
818 1506 898 1540 est:
926 1503 971 1539 Si
997 1513 1044 1539 ea:
1063 1502 1296 1539 contrariis
1318 1512 1466 1545 unum,
1486 1502 1565 1537 hoc
1586 1503 1650 1537 est
1671 1500 1863 1546 quotiens
1884 1509 2011 1536 unum

345 1579 398 1606 ex
426 1569 622 1606 contariis
651 1571 712 1606 est
739 1569 872 1614 quale,
906 1568 946 1605 id
979 1570 1043 1604 est
1076 1568 1264 1613 qualitas,
1301 1569 1337 1603 et
1375 1567 1589 1608 reliquum
1625 1572 1682 1602 est
1717 1566 1854 1609 quale,
1889 1574 1939 1602 ac
1975 1564 2064 1601 5120

345 1635 518 1672 diceret:
547 1635 680 1671 omnis
707 1634 917 1671 contraria
944 1634 1119 1679 qualitas
1140 1633 1267 1670 habet
1287 1632 1539 1669 contrarium
1561 1641 1679 1668 suum
1701 1632 1777 1668 sub
1799 1630 2009 1676 qualitate,

342 1701 421 1737 hoc
448 1702 512 1737 est
538 1700 670 1736 omnis
697 1700 872 1744 qualitas
900 1699 1109 1735 contraria
1133 1699 1260 1734 habet
1287 1698 1527 1743 qualitatem
1554 1696 1814 1733 contrariam.
1859 1695 2009 1732 Palam

343 1768 412 1808 est,
437 1766 617 1811 inquam,
645 1765 766 1801 alicui
789 1765 1067 1810 proponenti,
1092 1764 1132 1800 id
1161 1765 1225 1800 est
1251 1762 1543 1804 consideranti,
1570 1762 1651 1798 alia
1671 1761 2011 1807 praedicamenta

342 1840 418 1876 per
443 1831 625 1877 singulas
658 1839 726 1866 res
761 1839 867 1875 quae
900 1829 942 1865 in
974 1829 1052 1865 illis
1087 1828 1360 1865 continentur.
1410 1828 1521 1863 Inter
1554 1836 1656 1872 quas
1696 1836 1789 1863 cum
1826 1835 1909 1862 non
1947 1834 2010 1862 re-

342 1896 475 1941 periet
490 1895 742 1932 contrarium
757 1894 976 1940 qualitatis,
993 1895 1097 1931 sciet
1110 1894 1245 1939 ipsum
1259 1894 1300 1929 in
1316 1893 1513 1939 qualitate
1534 1891 1749 1929 contineri.
1794 1890 2009 1928 Attende
2029 1891 2064 1917 25

342 1962 492 2001 autem,
529 1960 638 2005 quod
673 1960 769 1996 licet
804 1960 935 1995 verba
968 1957 1271 2003 consequentia
1308 1959 1446 2003 ponat,
1486 1955 1830 2001 consequentiam
1868 1956 2010 1991 tamen

342 2034 426 2062 non
453 2025 651 2071 intelligit,
679 2024 775 2069 quia
800 2024 907 2060 falsa
934 2025 1058 2063 esset,
1092 2023 1220 2059 veluti
1254 2022 1350 2058 ista:
1388 2022 1422 2058 si
1458 2021 1606 2058 albedo
1645 2022 1706 2057 est
1742 2019 1930 2065 qualitas,
1969 2021 2009 2056 et

341 2089 515 2135 nigredo
543 2090 605 2125 est
632 2089 820 2134 qualitas,
848 2088 996 2133 quippe
1025 2087 1173 2123 albedo
1202 2086 1369 2123 omnino
1403 2085 1537 2130 possit
1570 2094 1666 2121 esse
1701 2085 1910 2120 destructa
1940 2092 2009 2129 pe-

339 2155 450 2191 nitus
477 2154 704 2201 nigredine.
756 2153 874 2190 Unde
908 2153 998 2198 ipse
1031 2153 1072 2188 in
1105 2152 1360 2198 Oppositis
1394 2151 1544 2187 dicet3:
1579 2150 1892 2193 ,contrariorum
1924 2158 2008 2185 non

342 2222 406 2257 est
431 2219 728 2260 necessarium,
757 2218 792 2255 si
819 2219 993 2254 alterum
1020 2218 1081 2259 sit,
1115 2219 1156 2254 et
1182 2217 1384 2262 reliquum
1411 2226 1519 2253 esse.
1571 2215 1690 2252 Sanis
1718 2223 1898 2260 namque
1926 2223 2008 2250 om·
2027 2217 2062 2242 30

342 2285 462 2321 nibus
490 2287 576 2321 etc:
629 2283 833 2325 Quidam
860 2286 1000 2320 tamen
1020 2283 1213 2324 nituntur,
1241 2284 1283 2318 ut
1304 2282 1411 2318 hanc
1430 2280 1774 2326 consequentiam
1793 2279 1841 2322 ‚si
1860 2279 2007 2316 albedo

343 2352 417 2392 est,
439 2349 610 2396 nigredo
633 2351 704 2385 est‘
728 2350 904 2394 probent
924 2349 1003 2385 hoc
1022 2348 1162 2384 modo:
1191 2347 1233 2383 Si
1247 2347 1396 2383 albedo
1414 2349 1488 2387 est,
1510 2345 1760 2383 contrarium
1781 2343 2008 2391 nigredinis

343 2416 407 2452 est
434 2417 474 2451 et
500 2415 557 2451 ita
583 2414 789 2460 quoddam
817 2414 906 2450 eius
934 2415 999 2450 est
1025 2413 1277 2449 contrarium
1303 2411 1531 2458 nigredinis
1569 2412 1609 2447 et
1643 2411 1701 2447 ita
1736 2409 1909 2456 nigredo
1947 2410 2009 2445 est

343 2480 550 2516 contraria
577 2480 739 2516 cuidam
767 2479 852 2515 enti
879 2480 920 2515 et
952 2479 1008 2514 ita
1041 2480 1113 2514 est.
1164 2477 1212 2513 Et
1247 2478 1305 2513 sic
1341 2486 1416 2522 per
1452 2476 1631 2512 medium
1667 2475 1857 2511 infertur:
1897 2474 2007 2520 quod

343 2546 377 2581 si
404 2545 551 2581 albedo
581 2546 654 2585 est,
682 2544 854 2590 nigredo
883 2545 957 2580 est.
1008 2543 1091 2579 Nos
1119 2552 1219 2579 vero
1247 2542 1419 2587 primam
1449 2540 1791 2586 consequentiam
1825 2539 2007 2576 maxime
2027 2541 2062 2566 35

341 2611 627 2656 reprobamus,
655 2609 751 2654 quia
783 2609 895 2645 omni
929 2608 1184 2645 necessitate
1221 2607 1419 2643 destituta
1455 2608 1529 2648 est,
1566 2615 1658 2642 cum
1694 2605 1861 2641 omnino
1894 2605 2008 2641 ante-

342 2675 497 2712 cedens
525 2675 615 2711 sine
644 2674 917 2719 consequenti
948 2673 1081 2718 possit
1107 2672 1349 2713 consistere,
1386 2674 1429 2708 ut
1456 2672 1613 2707 scilicet
1639 2670 1872 2707 substantia
1898 2669 2008 2706 albe-

343 2739 449 2776 dinis
465 2741 579 2775 esset
595 2739 802 2775 destructa
822 2738 1036 2784 nigredine
1052 2747 1130 2774 nec
1145 2737 1239 2774 ideo
1254 2737 1379 2772 ullum
1394 2736 1555 2782 nigrum
1577 2735 1828 2772 contrarium
1847 2743 2007 2780 perma-

341 2805 470 2840 neret.
528 2803 607 2839 Alii
645 2802 963 2838 dissimilitatem
1000 2801 1125 2838 medii
1163 2800 1327 2837 termini
1365 2801 1616 2836 annotantes
1654 2799 1695 2835 in
1736 2808 1786 2835 eo
1824 2797 2006 2835 fortasse

341 2868 435 2905 huic
461 2867 811 2914 argumentationi
836 2867 1045 2909 resistant,
1068 2867 1177 2912 quod
1197 2865 1325 2911 priori
1345 2864 1682 2910 consequentiae,
1704 2873 1811 2909 quae
1832 2863 2005 2900 actualis
2025 2866 2060 2892 40

484 2992 503 3023 2
531 2988 628 3030 licet]
656 2990 731 3023 ibet
757 2991 792 3022 et
815 2990 843 3020 A
942 2990 960 3021 9
988 2989 1137 3029 inquam
1163 2988 1192 3020 A
1291 2988 1334 3019 37
1363 2984 1582 3026 substantia]
1610 2985 1764 3018 scientia
1790 2985 1822 3016 A

484 3061 496 3083 1
522 3061 672 3094 Boeth.
702 3061 723 3094 l.
752 3070 791 3100 c.,
819 3070 853 3101 p.
882 3060 949 3092 255
964 3059 1002 3092 B.

482 3119 495 3141 ²
522 3120 670 3152 Boeth.
700 3120 722 3152 l.
751 3128 789 3157 c.,
818 3128 851 3159 p.
881 3118 997 3151 2550.
1143 3116 1158 3139 3
1183 3117 1333 3149 Boeth.
1363 3116 1383 3149 l.
1412 3126 1450 3153 e„
1479 3125 1512 3156 p.
1541 3115 1608 3148 282
1623 3114 1664 3147 A.
