2200 3387
489 260 519 296 2.
548 262 613 296 Die
641 262 797 296 Glossen
825 273 869 296 zu
898 264 967 297 den
996 264 1231 305 Kategorien.
1335 265 1384 298 De
1414 266 1510 306 quali
1540 269 1575 299 et
1603 267 1790 307 qualitate.
1908 264 1977 300 223

295 354 554 390 relationum.
608 355 640 391 Α
670 355 770 400 pari.
799 356 833 391 si
863 356 1031 401 propria
1058 356 1110 392 sit
1137 357 1414 393 communitas
1450 358 1675 402 praedicta,
1713 360 1778 395 vel
1815 370 1839 395 a
1877 362 1975 399 toto,

296 419 329 455 si
358 419 410 455 sit
438 420 602 466 largior.
654 421 699 456 Si
727 431 834 457 vero.
887 421 1077 457 Ostendit
1103 432 1128 457 a
1157 422 1314 463 maiori,
1344 423 1452 467 quod
1482 423 1515 458 si
1545 426 1730 468 caputet
1760 434 1907 460 manus
1936 425 1974 461 in

298 486 485 522 essentia
512 486 660 532 capitis
689 488 729 522 et
757 496 903 522 manus
932 497 1014 522 non
1043 487 1291 527 referuntur.
1320 489 1429 532 quod
1468 488 1605 524 nullae
1641 490 1900 526 substantiae
1936 491 1975 526 in

296 553 406 586 statu
432 551 570 596 aliquo
593 552 853 588 substantiae
876 552 1082 588 dicendae
1105 554 1200 588 sunt
1224 553 1438 589 relativae.
1480 553 1658 590 Maxime
1682 555 1790 590 enim
1814 556 1863 591 de
1887 556 1977 592 istis

259 629 274 653 5
297 616 518 653 videbatur
546 619 717 663 propter
743 618 1107 659 constructionem,
1136 628 1218 663 qua
1234 619 1382 655 dicitur
1408 622 1531 664 caput
1559 620 1727 665 capitati
1749 623 1873 666 caput
1900 623 1976 657 ete.

439 681 636 717 Fortasse
663 684 820 718 (mrem.
873 682 979 722 Quia
1006 682 1235 718 seeundum
1264 683 1521 728 praedictam
1551 684 1838 721 definitionem
1873 686 1975 722 Pla-

296 746 515 783 tonicam
550 747 601 783 de
635 748 820 784 relativis
859 748 1027 793 quidam
1064 749 1185 785 nimis
1225 749 1487 785 confidenter
1526 750 1814 787 iudicaverant
1851 753 1977 797 atque

295 812 390 848 hinc
406 813 446 848 in
463 822 648 849 errorem
665 814 909 855 inciderant,
931 814 1026 850 ideo
1050 815 1101 850 ad
1118 815 1316 851 maiorem
1335 816 1521 852 hortatur
1537 826 1613 852 nos
1630 817 1976 854 exercitationem

295 877 335 913 in
364 878 705 915 consideratione
733 889 871 915 rerum
899 880 1145 916 huiusmodi.
1199 880 1265 917 Sic
1300 881 1442 927 iunge:
1481 881 1657 922 Quidam
1685 893 1767 919 non
1796 884 1904 920 bene
1932 894 1978 920 se

244 956 275 980 10
297 946 549 980 exercentes
576 944 617 980 in
646 945 916 990 inquisitione
946 945 1085 982 talium
1117 948 1157 982 et
1185 947 1306 983 nimis
1334 947 1372 982 in
1402 957 1449 983 se
1487 948 1749 985 confidentes
1787 950 1838 985 de
1875 950 1978 986 rela-

294 1010 388 1046 tivis
415 1011 766 1056 praesumptuose
794 1011 1097 1053 iudicaverunt,
1135 1012 1256 1057 quasi
1282 1012 1405 1049 facile
1433 1013 1471 1049 id
1501 1016 1758 1059 reputantes,
1797 1016 1871 1052 sed
1899 1017 1978 1053 for-

294 1078 407 1111 tasse
436 1076 513 1111 etc.
566 1075 784 1116 ‚Fortasse‘
814 1078 1192 1121 temperamentum
1215 1078 1279 1113 est
1304 1079 1452 1114 contra
1479 1079 1654 1115 aliorum
1682 1081 1977 1126 arrogantiam,

293 1150 342 1177 ac
370 1141 405 1177 si
433 1141 608 1177 diceret:
647 1141 876 1178 secundum
911 1142 1264 1179 existimationem
1304 1153 1440 1180 meam
1477 1144 1646 1181 difficile
1683 1147 1758 1187 est,
1795 1156 1878 1182 non
1916 1157 1978 1182 se-

294 1206 474 1242 cundum
502 1206 664 1243 illorum
693 1207 946 1253 opinionem.
1000 1208 1219 1245 Dubitare.
1274 1208 1450 1246 Difficile
1474 1212 1538 1246 est
1560 1210 1822 1248 confidenter
1843 1212 1979 1249 decla-

244 1284 274 1308 15
295 1281 400 1313 rare,
429 1272 469 1308 id
498 1274 561 1309 est
587 1273 868 1318 periculosum
898 1273 1161 1310 confidenter
1188 1274 1428 1315 diiudicare.
1458 1276 1536 1311 nisi
1565 1277 1616 1312 de
1644 1277 1877 1314 huiusmodi
1901 1281 1977 1315 etc.

296 1336 378 1374 Sed
405 1338 504 1374 utile
533 1340 597 1375 est
625 1339 816 1376 dubitare
844 1339 994 1385 potius,
1022 1340 1177 1386 quippe
1214 1350 1291 1386 per
1318 1341 1619 1378 dubitationem
1648 1343 1813 1379 venitur
1840 1345 1889 1380 ad
1921 1346 1977 1381 in—

295 1404 571 1448 quisitionem,
601 1414 676 1450 per
703 1405 1015 1450 inquisitionem
1045 1406 1293 1452 pertingitur
1320 1407 1371 1442 ad
1401 1407 1618 1443 veritatem
1640 1411 1660 1443 ¹.

826 1543 898 1582 De
932 1543 1067 1592 quali
1101 1543 1151 1583 et
1184 1543 1441 1593 qualitate.

2008 669 2142 704 lem—th.

2006 729 2038 761 μ.
2053 718 2123 752 233
2138 718 2166 751 Ι)

441 1626 705 1670 Qualitatem
722 1637 820 1663 vero
834 1629 859 1663 2.
900 1627 982 1664 Cur
993 1629 1089 1673 post
1110 1628 1183 1669 ‚Ad
1209 1628 1373 1674 aliquid*
1394 1631 1544 1666 tractet
1559 1630 1696 1666 statim
1715 1632 1954 1676 qualitatem
1969 1638 1983 1657 ³¹
2012 1627 2146 1663 13⁰⁰&-

244 1706 279 1732 20
300 1693 588 1737 quaerendum
615 1703 699 1729 non
722 1695 796 1735 est,
825 1703 918 1729 cum
939 1693 1135 1730 videlicet
1156 1694 1344 1730 mirabile
1365 1694 1589 1737 videretur,
1612 1706 1685 1732 eur
1705 1699 1799 1741 post
1821 1699 1980 1742 quanti-

296 1758 424 1793 tatem
453 1758 504 1794 de
533 1758 732 1803 qualitate
760 1768 859 1794 mox
886 1768 969 1794 non
998 1759 1223 1804 coepisset,
1260 1759 1341 1795 nisi
1378 1762 1550 1805 propter
1585 1762 1789 1806 quasdam
1826 1772 1978 1799 causas

297 1824 458 1869 quasin
480 1824 683 1870 principio
736 1824 809 1865 ‚Ad
844 1824 1009 1870 aliquid·
1040 1828 1217 1870 supra⁴
1244 1825 1511 1862 reddidimus
1565 1826 1684 1863 Unde
1713 1837 1980 1873 consequens

297 1891 370 1930 est,
392 1891 436 1926 ut
456 1889 654 1935 expedita
670 1890 919 1926 relationum
941 1891 1091 1926 natura
1111 1891 1164 1926 ad
1186 1891 1430 1936 qualitatem
1452 1892 1592 1928 statim
1616 1893 1766 1929 veniat.
1808 1893 1979 1931 Modus

297 1957 437 1991 autem
459 1955 716 1992 tractandi
736 1955 830 1992 talis
848 1958 922 1997 est,
945 1957 1056 2001 quod
1078 1956 1193 2002 prius
1216 1956 1361 1993 definit
1383 1958 1638 2002 qualitatem,
1662 1959 1812 1995 deinde
1835 1960 1981 1996 dividit

243 2040 276 2066 25
298 2030 373 2067 per
386 2023 582 2066 quattuor
596 2022 824 2065 manerias;
840 2022 990 2067 quibus
1006 2023 1145 2059 autem
1163 2022 1360 2059 maneriis
1371 2023 1592 2069 diligenter
1607 2025 1795 2061 tractatis
1811 2026 1978 2062 tandem

297 2087 509 2133 proprium
541 2087 753 2133 qualitatis
780 2087 1019 2134 investigat,
1047 2088 1198 2124 multas
1227 2088 1472 2133 qualitatum
1500 2090 1820 2127 communitates
1857 2091 1980 2128 inter-

297 2153 504 2199 ponendo,
533 2154 668 2190 donec
694 2154 747 2190 ad
775 2153 942 2199 proprie
970 2154 1183 2199 proprIum
1210 2155 1362 2196 veniat,
1392 2155 1502 2200 quod
1525 2157 1606 2191 est:
1635 2157 1862 2193 secundum
1887 2167 1978 2194 eam

297 2218 377 2255 dici
404 2219 536 2255 simile
565 2220 606 2255 et
632 2219 844 2256 dissimile.

439 2284 674 2321 Notandum
702 2294 814 2326 vero,
844 2285 953 2330 quod
981 2285 1060 2321 hoc
1088 2294 1241 2321 nomen
1270 2285 1472 2330 ‚qualitas
1502 2285 1678 2322 diversis
1715 2288 1848 2324 modis
1876 2289 1980 2325 acci-

244 2361 278 2386 30
299 2349 418 2394 pitur.
470 2350 682 2395 Accipitur
709 2350 819 2386 enim
847 2360 1000 2386 nomen
1029 2350 1211 2386 omnium
1239 2360 1400 2386 rerum
1429 2351 1550 2387 huius
1572 2352 1912 2396 praedicamenti,
1941 2356 1981 2390 et

299 2417 396 2451 tunc
424 2416 488 2451 est
514 2415 879 2461 generalissimum
907 2425 1061 2452 nomen
1099 2418 1140 2452 et
1176 2416 1304 2452 habet
1339 2416 1662 2462 descriptionem
1702 2427 1825 2462 quam
1863 2428 1981 2464 prae-

300 2480 431 2521 mittit,
459 2480 526 2516 vel
554 2481 680 2517 etiam
707 2491 783 2526 per
808 2481 1085 2518 remotionem
1113 2481 1289 2517 aliorum
1327 2482 1762 2527 praedicamentorum
1802 2483 1981 2520 describi

300 2547 449 2591 potest.
501 2546 644 2591 Accipi
680 2546 805 2583 etiam
832 2547 998 2583 videtur
1034 2547 1073 2583 in
1112 2547 1404 2593 designatione
1441 2557 1617 2584 vocum
1656 2549 1979 2593 significantium

299 2611 554 2657 qualitatem.
583 2611 701 2648 Unde
724 2611 764 2648 in
788 2612 1170 2657 sequentibus-⁵:
1202 2612 1303 2655 ‚Sic⁴,
1326 2613 1365 2649 id
1382 2615 1446 2649 est
1462 2613 1569 2658 quia,
1597 2614 1786 2658 qualitas
1810 2615 1981 2660 suscipit

245 2688 279 2712 35
302 2677 434 2722 magis
463 2679 504 2713 et
532 2677 691 2719 minus,
726 2677 765 2713 id
795 2679 859 2714 est
886 2678 1094 2714 vocabula
1121 2678 1403 2724 significantia
1430 2679 1683 2724 qualitatem.
1719 2689 1812 2716 ,non
1841 2682 1980 2716 tamen

301 2742 451 2781 omnia.
479 2742 554 2778 sed
576 2743 716 2787 plura‘.
769 2742 932 2788 Quippe
955 2743 1217 2779 substantiva
1239 2753 1321 2779 non
1344 2744 1517 2779 veniunt
1537 2745 1589 2780 ad
1612 2745 1980 2789 comparationem.

301 2808 376 2844 sed
397 2810 555 2844 tantum
578 2810 753 2853 sumpta.
800 2808 1012 2853 Accipitur
1033 2818 1198 2853 quoque
1221 2809 1343 2853 quale
1366 2818 1517 2845 nomen
1540 2809 1720 2844 omnium
1744 2810 1980 2849 formarum.

301 2873 408 2910 sicut
435 2873 671 2910 substantia
697 2883 849 2910 nomen
879 2874 1059 2909 omnium
1089 2874 1375 2911 essentiarum.
1398 2873 1514 2909 iuxta
1535 2874 1644 2918 quod
1666 2874 1981 2910 Priscianus⁶

445 2984 454 3005 ¹
484 2985 648 3023 Abael„
677 2985 737 3017 Sir
763 2986 796 3017 et
824 2994 901 3017 non
931 2985 985 3017 PL
1015 2985 1090 3023 178,
1120 2994 1153 3025 p.
1184 2983 1324 3017 134913.

442 3043 457 3064 2
484 3043 648 3081 Abael.‚
677 3043 831 3076 Dialect.
861 3044 915 3075 ed.
945 3044 1128 3081 Cousin,
1158 3053 1190 3084 p.
1220 3043 1299 3075 207.

443 3102 458 3124 ³
484 3103 634 3136 Boeth.
664 3103 686 3135 I.
714 3113 754 3141 (π,
783 3112 816 3144 p.
847 3103 914 3135 239
931 3103 972 3135 A.
1089 3103 1102 3124 ⁴
1131 3103 1182 3135 Cf.
1211 3111 1345 3143 supra,
1375 3112 1408 3143 p.
1438 3102 1559 3135 2()0³‘⁴’.

443 3162 457 3183 ·'¹
485 3163 635 3195 Boeth.
667 3162 688 3195 I.
717 3172 756 3199 r..
785 3172 818 3203 p.
849 3162 970 3195 2560
1087 3162 1102 3182 ⁴²
1130 3162 1181 3195 Cr.
1209 3170 1342 3203 supra.
1372 3171 1405 3202 p.
1437 3162 1501 3193 140
1517 3160 1540 3192 Τ.

374 3223 488 3251 Beitr.
510 3224 582 3251 xxi.
621 3224 760 3257 Geyer,
784 3224 954 3251 Almelards
975 3224 1082 3258 philos.
1103 3224 1264 3250 Schriften.
1796 3236 1836 3266 15

2011 1686 2042 1718 p.
2057 1675 2128 1709 2⁴0
2142 1676 2166 1709 A
