2200 3387
585 215 614 245 2.
647 213 709 244 llie
737 214 892 244 Glossen
921 221 962 244 zu
992 212 1060 242 (len
1092 211 1324 249 lx'ategorien.
1429 210 1478 241 lle
1505 210 1730 249 acquivocis.
1929 203 1991 239 117

323 322 469 348 rerum.
523 311 562 346 Si
592 311 698 346 enim
731 319 863 345 rerum
896 312 1063 344 naturas
1090 308 1338 343 attenderet.
1375 306 1482 341 nulla
1517 310 1691 350 apparet
1720 306 1834 342 ratio.
1864 315 1990 349 quare

324 388 402 413 non
445 378 560 422 plura
597 379 665 412 aut
704 375 902 420 pauciora
932 373 1270 418 praedicamenta
1300 372 1551 416 disponeret
1606 373 1684 407 Sed
1717 372 1902 416 prolecto
1931 382 1992 405 se-

322 443 497 478 cundum
539 442 745 477 nominum
785 438 1132 482 siunil'icatiomun
1174 439 1276 473 llaec
1317 437 1421 472 ratio
1461 438 1545 472 visa
1584 441 1658 474 est.
1699 438 1805 481 quod
1848 437 1990 472 decem

293 507 604 554 ‚consideravit
635 505 810 541 nomina.
850 505 886 539 in
925 504 1073 548 quibus
1109 503 1288 538 omnium
1319 503 1491 538 aliorum
1525 503 1730 537 nominum
1762 507 1840 537 tam
1871 512 1993 544 genc—

267 580 282 601 -'·
323 574 464 609 ralium
503 582 623 617 quam
653 570 893 615 specialium
924 569 1172 612 significatio
1203 569 1414 612 inciperet.
1444 568 1620 612 ideoque
1650 579 1699 603 ea
1728 568 1993 612 superposuit

321 638 474 674 ceteris
511 637 628 682 quasi
668 636 797 680 prima
837 635 1078 670 naturaliter
1115 637 1153 669 et
1193 634 1383 677 digniora
1424 643 1558 668 rerum
1597 634 1863 670 continentia.
1902 646 1990 671 cum

322 703 513 739 videlicet
541 701 693 738 ceteris
723 700 1022 736 universaliora
1052 700 1142 734 sint.

464 767 632 803 Modus
662 776 761 802 vero
791 765 1059 802 tractandi.
1088 765 1154 810 qui
1184 765 1234 800 ad
1267 765 1604 809 praedicamenta
1634 765 1821 809 pertinet.
1861 766 1993 801 liuius-

323 834 429 869 modi
466 836 540 870 est.
579 832 687 877 quod
715 832 824 867 facta
852 830 1198 866 annumeratione
1227 830 1469 874 simplicium
1499 840 1735 865 sermonum
1765 832 1990 866 secundum

295 901 491 933 ·nan1ras
519 897 664 932 decem
695 895 1125 940 praedicamentorum
1157 894 1194 930 in
1225 904 1274 930 eo
1303 894 1462 930 scilicet
1490 895 1597 938 quod
1637 894 1672 929 lii
1707 895 1992 931 substantiam.

321 962 373 997 illi
403 961 687 1006 quantitatem.
722 959 788 995 alii
818 959 897 995 alia
927 958 1174 1004 significant.
1202 958 1339 994 statim
1368 958 1708 1003 praedicamenta
1736 959 1917 1003 disponit
1945 970 1992 995 ac

320 1028 479 1063 tractat.
532 1025 631 1061 Cum
661 1027 797 1061 autem
828 1025 878 1060 de
909 1023 1259 1069 praedicamentis
1288 1024 1484 1060 intendat.
1524 1033 1602 1059 non
1644 1024 1781 1059 statim
1812 1025 1862 1060 de
1892 1025 1992 1069 ipsis

318 1092 414 1137 agit.
452 1091 526 1127 sed
555 1091 759 1136 quaedam
791 1090 1015 1135 praemittit
1042 1090 1093 1125 ad
1123 1091 1341 1125 tractatum
1371 1099 1512 1125 eorum
1552 1090 1806 1126 necessaria.
1844 1091 1991 1134 quibus

320 1156 464 1201 positis
502 1155 661 1191 facilior
697 1155 747 1190 de
784 1154 1056 1199 sequentibus
1094 1154 1227 1199 possit
1264 1164 1359 1189 esse
1398 1153 1597 1190 doctrina.
1637 1157 1777 1199 utpote
1812 1155 1992 1200 descrip-

281 1229 296 1250 ···
320 1221 472 1257 tionem
501 1221 837 1265 aequivocorum.
867 1219 1149 1255 univocorum.
1179 1219 1580 1255 denominativorum
1611 1222 1650 1255 et
1678 1221 1883 1264 quaedam
1912 1221 1992 1256 alia

319 1286 369 1322 de
398 1286 545 1331 quibus
574 1286 765 1321 omnibus
794 1295 870 1321 suo
899 1286 989 1321 loco
1018 1285 1222 1321 rationem
1251 1285 1473 1321 reddemus
1502 1287 1542 1320 et
1570 1285 1776 1329 quomodo
1808 1286 1859 1321 ad
1890 1290 1992 1322 trac-

320 1354 445 1388 tatum
484 1354 728 1396 sequentem
769 1351 1013 1395 pertineant.
1055 1350 1336 1386 ostendemus.
1399 1350 1513 1386 Nunc
1553 1354 1689 1386 autem
1729 1351 1901 1396 primum
1941 1352 1991 1387 de

319 1417 562 1461 aequivocis
590 1419 630 1452 et
660 1416 858 1452 univocis

950 1559 1019 1598 De
1055 1559 1360 1607 aequivocis.

461 1638 578 1678 Quod
596 1637 734 1682 itaque
758 1637 796 1672 in
819 1636 1184 1682 sequentibus1.
1213 1637 1281 1672 ubi
1303 1636 1353 1672 de
1376 1637 1572 1673 secundis
1594 1638 1834 1673 substantiis
1858 1641 1897 1674 et
1914 1639 1983 1674 ‹iif-

316 1703 503 1739 ferentiis
531 1705 572 1739 et
598 1702 882 1739 accidentibus
904 1702 1048 1747 agitur.
1072 1702 1242 1738 daturus
1265 1704 1354 1738 erat
1382 1702 1657 1738 differentiam
1679 1703 1786 1739 inter
1807 1713 1855 1739 ea
1885 1714 1990 1749 quae

317 1769 506 1804 dicuntur
533 1768 583 1804 de
612 1768 799 1804 subiecto
829 1769 869 1803 et
897 1777 946 1803 ea
969 1777 1075 1812 quae
1099 1770 1193 1803 sunt
1216 1768 1253 1803 in
1277 1768 1474 1804 subiecto.
1505 1778 1579 1813 per
1600 1769 1677 1804 hoc
1700 1769 1857 1805 scilicet
1880 1770 1986 1814 quod

317 1834 419 1869 llaec
457 1833 633 1869 univoce
674 1833 977 1878 praedicantur.
1025 1833 1092 1869 illa
1131 1833 1294 1877 quidem
1337 1833 1579 1878 aequivoce.
1627 1834 1988 1870 determinandum

318 1899 429 1943 prius
467 1899 548 1936 fuit.
587 1898 682 1943 quid
722 1899 996 1943 aequivocum
1035 1901 1160 1934 esset.
1199 1898 1293 1943 quid
1332 1898 1565 1934 univocum.
1625 1899 1741 1939 Quod
1782 1900 1858 1935 boc
1898 1900 1989 1936 loco

260 1973 293 1998 25·
315 1965 422 2000 facit.
457 1964 549 2001 ,Cur
569 1967 708 2000 autem
731 1964 844 2009 prius
867 1964 917 2000 de
934 1964 1187 2009 aequivocis,
1212 1966 1305 2008 post
1320 1964 1373 2000 de
1391 1964 1578 2000 univocis
1595 1964 1772 2001 tractat?
1807 1965 1988 2002 Idcirco.

259 2300 293 2322 30

314 2030 421 2065 teste
450 2028 659 2064 Boethio
674 2032 698 2064 ·-'.
728 2028 847 2074 .quod
878 2029 967 2073 ipsa
995 2028 1139 2064 decem
1170 2028 1520 2073 praedicamenta.
1556 2038 1647 2064 cum
1677 2029 1989 2065 definitionibus

315 2094 479 2130 diversa
508 2094 600 2130 sint.
629 2103 709 2130 uno
739 2096 877 2130 tamen
902 2093 1226 2139 praedicationis
1248 2094 1452 2129 vocabulo
1476 2097 1777 2139 nuncupantur.
1830 2095 1987 2131 Cuncta

314 2159 422 2195 enim
446 2159 783 2204 praedicamenta
806 2159 988 2199 dicimus,
1018 2159 1105 2204 ipsa
1128 2168 1228 2195 vero
1251 2159 1602 2204 praedicamenta.
1631 2160 1825 2204 quoniam
1850 2170 1985 2196 rerum

314 2234 471 2270 genera
507 2226 612 2263 sunt.
651 2226 700 2261 de
738 2225 936 2261 subiectis
974 2226 1098 2261 rebus
1138 2225 1314 2261 univoce
1352 2225 1657 2270 praedicantur.
1711 2225 1842 2262 Omne
1879 2225 1986 2261 enim

314 2298 446 2333 genus
475 2289 525 2325 de
554 2289 776 2334 speciebus
805 2289 982 2334 propriis
1011 2290 1188 2325 univoce
1217 2289 1375 2325 dicitur.
1430 2290 1567 2329 Quare
1596 2289 1749 2325 rectius
1777 2289 1909 2334 primo
1938 2290 1988 2325 de

314 2355 493 2390 omnium
524 2355 957 2399 praedicamentorum
985 2355 1193 2391 communi
1222 2355 1427 2391 vocabulo
1456 2357 1617 2392 tractat.
1647 2355 1765 2399 quasi
1794 2355 1988 2399 quemad-

315 2420 476 2455 modum
507 2420 669 2465 singula
697 2421 747 2456 dc
776 2421 998 2465 speciebus
1027 2420 1204 2465 propriis
1234 2421 1587 2465 praedicarentur.
1618 2423 1872 2465 exponeret.-

455 2483 501 2519 Et
539 2486 655 2520 nota
692 2485 769 2520 hoc
807 2495 957 2521 nomen
997 2485 1379 2529 praedicamentum
1419 2485 1457 2520 in
1496 2495 1546 2521 eo
1583 2485 1857 2529 aequivocum
1897 2485 1986 2521 (lici.

314 2549 422 2593 quod
461 2549 598 2584 album
636 2552 675 2584 et
713 2550 923 2594 quodlibet
957 2550 1216 2586 accidentale
1251 2552 1456 2595 sumptum
1485 2550 1758 2594 aequivocum
1790 2551 1867 2586 hoc
1895 2551 1986 2586 loeo

317 2613 622 2649 Aristoteles
650 2615 810 2659 accipit.
849 2625 929 2650 non
959 2616 1068 2660 quod
1097 2615 1361 2660 multiplicem
1392 2625 1557 2651 sensum
1588 2616 1750 2652 habeat.
1788 2616 1861 2651 sed
1891 2616 1986 2660 quia

315 2678 515 2714 rationem
555 2680 813 2716 substantiae
852 2690 931 2716 non
971 2681 1106 2716 habet.
1160 2681 1249 2721 Quo
1288 2681 1409 2716 etiam
1450 2681 1571 2716 modo
1609 2691 1684 2716 ens
1719 2684 1758 2716 et
1794 2690 1917 2716 unum
1947 2683 1986 2716 et

314 2743 525 2787 quodlibet
553 2753 702 2780 nomen
732 2754 798 2780 res
825 2745 1082 2781 diversorum
1113 2746 1542 2790 praedicamentorum
1567 2746 1784 2781 continens
1807 2746 1858 2781 de
1886 2746 1986 2790 ipsis

315 2808 662 2852 praedicamentis
699 2810 929 2854 aequivoce
967 2810 1125 2847 dicitur.
1164 2820 1244 2846 non
1283 2811 1390 2854 quod
1431 2811 1554 2846 multa
1593 2811 1673 2846 sint
1709 2811 1910 2846 vocabula
1946 2811 1983 2846 in

314 2883 451 2909 sensu.
481 2873 587 2909 sicut
615 2876 676 2909 est
704 2875 831 2910 canis.
860 2875 933 2910 sed
964 2875 1058 2919 quia
1087 2875 1369 2910 definitionem
1401 2885 1479 2910 non
1510 2876 1662 2910 liabent
1692 2876 1727 2911 in
1753 2876 1985 2911 substantia

459 2986 497 3014 lu
516 2984 566 3015 l)e
582 2985 795 3024 aequivocis
812 2985 849 3017 ιή
868 2986 1041 3024 murmur·
1056 2987 1080 3018 A
1155 2987 1197 3017 2⁰
1214 2984 1443 3023 substantiis!
1465 2986 1639 3017 subiectis
1661 2987 1686 3017 A
1759 2988 1797 3017 :31
1819 2987 1985 3019 omnibus

315 3043 439 3074 lim-tte.
478 3044 618 3083 quamsi
644 3045 694 3078 A:
721 3044 806 3076 mm.
825 3044 972 3076 Boetia„-
999 3046 1128 3077 ‹leliinc
1180 3047 1222 3077 :32
1246 3045 1493 3084 experimeret
1516 3046 1642 3077 lim-lh.
1695 3047 1737 3076 :lu
1763 3046 1931 3078 dil'l'initio
1959 3048 1981 3077 ,1

458 3114 463 3134 ¹
498 3115 656 3148 lloetli..
689 3115 728 3146 Ιη
759 3117 882 3154 Vulva.
912 3116 933 3147 Ι.
962 3126 1000 3150 ι’..
1032 3126 1063 3156 p.
1097 3118 1157 3147 lsi
1178 3117 1242 3148 131¹.
1342 3117 1355 3137 '·'
1385 3116 1534 3148 lssoetli.
1565 3117 1585 3148 l.
1615 3128 1653 3151 r..
1684 3126 1715 3155 p.
1750 3118 1865 3148 llius.
