2200 3387
201 455 335 490 Boeth.

172 514 207 546 p.
223 503 293 536 :189
307 503 336 536 Β

225 1954 246 1985 Γ.
273 1953 342 1985 421)

365 246 434 280 2913
769 249 875 281 Peter
900 249 1104 282 Abaclards
1132 249 1268 291 Logica
1295 250 1619 291 ‚Ingredientibus‘.

906 368 977 408 De
1011 368 1276 418 speciebus
1308 369 1488 409 motus.

505 468 643 503 Motus
669 470 822 504 autem.
875 468 1024 504 Motum
1060 469 1138 505 hoc
1172 469 1294 505 modo
1331 470 1490 510 tractat,
1528 470 1638 514 quod
1675 470 1849 515 primum
1886 470 2030 507 dividit

364 532 499 577 ipsum
526 533 565 568 in
594 543 669 569 sex
696 533 859 579 species
888 543 1043 578 casque
1071 535 1220 578 postea
1245 534 1296 569 ab
1324 534 1499 570 invicem
1523 534 1712 570 diversas
1734 535 1915 571 ostendit
1936 544 2030 572 esse

365 600 405 633 et
432 598 610 634 maxime
639 598 678 634 id
705 599 875 643 propter
901 598 1190 634 alterationem
1216 598 1357 635 facere
1379 598 1551 640 videtur,
1578 608 1685 644 quae
1707 609 1798 635 cum
1819 599 2032 636 videretur

365 662 472 698 idem
502 672 597 699 esse
626 663 734 708 quod
761 665 908 701 motus.
945 663 1054 699 idem
1081 663 1301 699 videbatur
1328 673 1419 699 cum
1448 664 1599 700 ceteris
1627 663 1862 709 speciebus.
1912 664 2031 701 Unde
2053 677 2069 703 5

365 726 582 772 dilIgenter
607 727 685 762 hoc
712 736 795 762 non
824 736 920 763 esse
948 736 1092 762 verum
1120 727 1278 771 probat,
1307 726 1487 772 denique
1521 728 1604 763 tam
1637 727 1781 773 generi
1814 727 1892 773 ipsi
1919 727 2029 773 quod

365 793 429 827 est
455 793 601 831 motus,
630 801 751 836 quam
780 792 999 837 speciebus
1028 792 1117 828 eius
1144 791 1332 837 assignat
1358 792 1576 828 contraria.
1629 791 1762 828 Motus
1786 793 1925 828 autem
1951 792 2030 829 hoc

364 857 454 892 loco
483 866 618 902 neque
646 857 820 893 actionis
848 866 999 893 nomen
1028 858 1101 897 est,
1130 866 1154 892 a
1176 866 1256 901 qua
1284 866 1456 898 moveo,
1483 860 1640 893 moves‘
1658 857 1837 893 activum
1857 858 2030 893 verbum

365 923 581 967 sumptum.
609 931 745 967 neque
760 922 981 967 passionis.
1004 932 1028 958 a
1049 931 1130 967 qua
1151 931 1345 963 moveor,
1371 922 1563 958 moveris‘
1587 922 1756 963 dicatur,
1783 922 1857 958 sed
1878 931 2030 958 nomen

365 995 459 1022 esse
486 986 650 1022 videtur
677 986 897 1031 qualitatis.
950 986 1050 1022 Cum
1090 987 1199 1023 enim
1239 987 1357 1032 quies
1397 987 1574 1032 qualitas
1611 986 1830 1023 videbatur
1865 986 2031 1023 cuilibet
2054 993 2086 1018 10

365 1052 546 1087 motuum
575 1061 669 1087 esse
692 1052 911 1091 contraria,
940 1053 1103 1096 oportet
1124 1053 1164 1087 et
1183 1053 1336 1088 motum
1365 1052 1603 1097 qualitatem
1631 1061 1736 1088 esse.
1787 1051 1840 1088 Ut
1861 1051 2031 1088 enimin

365 1114 618 1155 Qualitate
647 1115 797 1151 dictum
825 1116 925 1155 est1‚
953 1115 988 1151 si
1015 1125 1069 1151 ex
1096 1116 1314 1151 contrariis
1336 1125 1460 1151 unum
1481 1116 1605 1152 fuerit
1626 1116 1746 1160 quale
1768 1116 1809 1151 et
1829 1115 2031 1161 reliquum

366 1179 441 1215 erit
463 1179 594 1224 quale.
646 1179 698 1214 At
718 1188 818 1214 vero
841 1188 932 1214 cum
954 1179 1005 1214 sit
1026 1180 1161 1214 motus
1177 1179 1353 1224 qualitas
1375 1179 1497 1215 valde
1518 1179 1772 1219 inconstans,
1801 1180 1865 1215 est
1885 1178 2032 1214 transi-

363 1244 469 1280 toria
496 1244 548 1280 ad
569 1244 735 1280 modum
756 1244 963 1280 actionum
986 1244 1050 1279 vel
1073 1244 1314 1289 passionum
1337 1245 1378 1280 et
1399 1244 1518 1280 simul
1540 1244 1790 1289 quandoque
1807 1244 1871 1280 est
1894 1244 2030 1279 motus

365 1319 456 1346 cum
483 1309 646 1345 actione
675 1311 715 1345 et
741 1309 951 1354 passione.
979 1310 1022 1345 ut
1049 1309 1083 1345 si
1110 1308 1200 1354 quis
1228 1309 1408 1354 lapidem
1434 1310 1603 1345 moveat
1630 1309 1680 1345 de
1701 1309 1793 1345 loco
1813 1308 1855 1344 in
1880 1308 2027 1350 locum,
2051 1317 2084 1342 15

365 1374 405 1410 in
434 1376 627 1410 movente
655 1374 763 1410 actio
792 1376 854 1410 est
881 1383 987 1418 quae
1015 1376 1149 1410 motus
1178 1374 1335 1415 dicitur,
1368 1374 1410 1410 in
1442 1374 1578 1419 lapide
1606 1383 1706 1410 vero
1734 1373 1803 1419 qui
1828 1374 2030 1415 movetur,

365 1439 506 1484 passio
535 1440 575 1475 et
601 1439 773 1484 insuper
799 1439 976 1484 qualitas
1006 1448 1111 1483 quae
1138 1438 1205 1475 hic
1231 1440 1365 1475 motus
1393 1439 1548 1475 dicitur.

508 1504 589 1540 Sed
609 1504 789 1540 fortasse
811 1504 968 1549 inquiet
994 1513 1072 1540 nec
1093 1504 1273 1549 quietem
1295 1504 1534 1549 qualitatem
1556 1513 1663 1545 esse,
1691 1514 1716 1540 a
1736 1513 1817 1549 qua
1839 1503 2031 1549 ‚quiesco

367 1570 540 1605 verbum
578 1570 783 1614 sumptum
819 1570 893 1610 est,
931 1569 1005 1605 sed
1038 1569 1176 1614 potius
1213 1579 1309 1605 esse
1336 1569 1404 1606 vel
1442 1570 1649 1606 actionem
1676 1569 1743 1606 vel
1780 1568 2032 1614 passionem,

367 1633 473 1670 sicut
500 1634 564 1669 est
590 1634 735 1674 motus,
763 1633 859 1678 quia
892 1633 1007 1669 iuxta
1034 1633 1366 1669 Priscianum2
1402 1643 1525 1670 omne
1552 1634 1725 1670 verbum
1761 1632 1938 1669 actionis
1965 1632 2033 1669 vel
2053 1640 2088 1666 20

366 1698 573 1744 passionis
602 1698 904 1744 designativum
932 1700 1006 1734 est.
1058 1698 1121 1734 Ad
1149 1698 1257 1743 quod
1284 1699 1586 1744 respondemus
1608 1698 1718 1744 quod
1739 1697 2033 1734 Priscianus

366 1763 471 1798 sicut
498 1764 538 1798 et
558 1762 863 1798 Aristoteles
885 1762 924 1797 in
948 1762 1057 1798 Peri
1079 1762 1328 1799 ermenias
1350 1763 1509 1798 duobus
1531 1762 1663 1798 modis
1685 1761 1835 1807 accipit
1849 1762 2032 1803 verbum,

365 1835 446 1862 uno
475 1826 664 1867 strictius,
693 1835 783 1861 cum
811 1826 851 1862 in
879 1827 1008 1862 verbo
1036 1828 1193 1862 tantum
1221 1826 1534 1872 comprehendit
1565 1836 1616 1862 ea
1651 1836 1759 1871 quae
1795 1825 2034 1874 significant

364 1890 551 1926 actiones
567 1891 633 1926 vel
659 1890 892 1935 passiones,
920 1890 1051 1926 altero
1078 1890 1245 1936 largius,
1272 1900 1364 1926 cum
1392 1891 1515 1926 etiam
1536 1891 1838 1927 substantivum
1859 1890 2031 1927 verbum

369 1956 581 2001 aggregat.
625 1955 726 1991 Nam
748 1956 788 1991 et
809 1955 1114 1991 Aristoteles
1143 1955 1183 1991 in
1198 1955 1314 1991 Peri
1341 1955 1614 1992 ermenias3
1637 1956 1641 2001 Ι
1663 1955 1805 1992 modo
1835 1965 1860 1992 a
1887 1955 2027 1992 verbis
2048 1964 2083 1991 25

363 2020 506 2056 dividit
533 2029 656 2056 casus
684 2021 905 2056 verborum
933 2020 1074 2056 dicens
1102 2021 1261 2061 ‚curret‘
1284 2021 1349 2056 vel
1378 2021 1592 2061 ‚currebat‘
1620 2030 1703 2056 non
1729 2029 1823 2056 esse
1844 2021 2030 2062 verbum,

365 2085 504 2121 modo
521 2085 692 2121 eosdem
707 2085 845 2120 verbis
865 2087 1075 2130 aggregat,
1098 2095 1190 2121 cum
1211 2085 1267 2121 ait
1288 2085 1329 2121 in
1350 2085 1609 2121 secundo4:
1638 2084 1719 2126 ‚Est
1740 2085 1850 2121 enim
1870 2086 1937 2121 vel
1956 2085 2032 2121 fuit

364 2150 430 2186 vel
459 2150 535 2186 erit
562 2152 602 2185 et
629 2159 915 2195 quaecumque
943 2150 1023 2186 alia
1059 2150 1293 2186 huiusmodi
1320 2151 1425 2191 sunt.
1453 2150 1583 2186 verba
1618 2151 1713 2186 sunt
1749 2160 1802 2186 ex
1828 2150 1891 2186 his
1920 2159 2027 2196 quae

365 2217 460 2251 sunt
480 2215 638 2260 posita.‘
684 2215 802 2250 Unde
824 2215 934 2250 nulla
953 2215 1062 2261 cogit
1082 2215 1197 2256 ratio,
1219 2216 1263 2251 ut
1283 2215 1323 2251 in
1347 2215 1537 2260 ,quiesco‘
1559 2215 1731 2251 verbum
1753 2215 2030 2261 intelligamus

364 2280 429 2316 vel
456 2280 662 2315 actionem
689 2280 755 2315 vel
782 2280 1033 2325 passionem,
1061 2280 1167 2316 sicut
1194 2289 1270 2316 nec
1298 2280 1338 2316 in
1373 2280 1525 2321 ‚sedeo‘
1554 2280 1620 2316 vel
1657 2280 1796 2321 ‚iaceo‘
1824 2289 1931 2325 quae
1958 2289 2031 2326 po·
2050 2291 2086 2317 80

366 2344 539 2380 sitiones
568 2344 814 2390 significant.

505 2409 626 2445 Nota
660 2410 768 2454 quod
801 2411 908 2446 teste
935 2410 1170 2446 Boethio5
1207 2410 1515 2446 Aristoteles
1560 2410 1601 2446 in
1628 2409 1857 2455 Physicis
1896 2411 2031 2446 motus

366 2473 529 2518 speeies
557 2473 637 2509 alia
664 2473 823 2509 ratione
851 2473 1025 2519 partitus
1052 2477 1126 2510 est.
1178 2474 1244 2510 Ait
1271 2473 1381 2510 enim
1407 2474 1516 2510 aliud
1544 2483 1640 2510 esse
1673 2473 2030 2519 permutationem,

365 2538 475 2573 aliud
502 2539 668 2579 motum,
697 2539 737 2574 et
764 2538 1079 2583 permutationis
1107 2539 1272 2583 quidem
1300 2539 1402 2575 duas
1437 2548 1533 2575 esse
1571 2539 1734 2584 species
1770 2538 1873 2575 dixit
1908 2547 2032 2585 gene-

365 2603 568 2639 rationem
595 2605 684 2645 <et>
711 2604 1029 2649 corruptionem,
1067 2606 1201 2640 motus
1235 2613 1335 2640 vero
1372 2605 1467 2646 tres,
1505 2604 1733 2640 secundum
1760 2603 2032 2649 quantitatem
2051 2613 2087 2640 35

366 2667 534 2707 scilicet,
571 2667 798 2703 secundum
833 2667 1083 2712 qualitatem,
1121 2668 1349 2704 secundum
1384 2668 1531 2704 locum.
1583 2667 1787 2708 Quoniam
1826 2667 1891 2703 hic
1928 2667 2033 2703 liber

508 2801 524 2832 4
554 2798 709 2839 videtur]
737 2800 907 2832 dividitur
932 2800 961 2832 A
1062 2801 1103 2833 10
1133 2799 1332 2841 qualitatis]
1362 2801 1519 2841 qualitas
1549 2801 1579 2832 A
1687 2801 1725 2833 11
1754 2800 1975 2833 contrarium
1999 2800 2030 2833 A

367 2860 421 2897 22,
438 2859 480 2891 25
503 2868 593 2900 pery
615 2868 663 2891 er.
685 2859 713 2892 A
814 2859 856 2891 22
874 2861 964 2900 post
982 2860 1100 2892 modis
1119 2859 1150 2892 A
1166 2860 1274 2892 addit
1294 2860 1444 2892 verbum
1542 2860 1595 2895 35,
1608 2861 1644 2892 et
1659 2859 1792 2892 addidi
1811 2868 1855 2892 esc
1874 2859 2031 2892 Boethio

508 2928 519 2950 ¹
547 2929 698 2961 Boeth.
727 2929 747 2961 l.
777 2938 816 2968 cn,
844 2938 877 2970 p.
907 2929 1019 2962 256A

507 2987 521 3009 2’
547 2988 699 3027 Prisc„
726 2988 816 3020 Inst.
843 2996 1007 3028 yramm.
1035 2989 1089 3021 ed.
1117 2989 1250 3021 Hertz
1277 2989 1300 3028 1,
1327 2999 1362 3030 p.
1391 2988 1473 3028 55³;
1502 2989 1530 3022 11
1555 2999 1591 3030 p.
1621 2987 1735 3022 11623.

508 3044 522 3068 3
548 3047 709 3085 Boeth.,
737 3047 783 3079 In
810 3047 892 3079 libr.
922 3044 1019 3090 Περὶ
1045 3048 1126 3090 ἑρμ.
1155 3048 1209 3081 ed.
1238 3048 1404 3081 Meiser
1429 3048 1452 3087 Ι,
1480 3057 1515 3089 p.
1544 3047 1596 3081 52.

507 3104 521 3126 4
549 3106 696 3138 Boeth.
726 3106 746 3138 l.
774 3115 813 3145 0.,
841 3115 875 3147 p.
906 3105 997 3138 1310.
1118 3106 1133 3129 5
1158 3107 1322 3146 Boeth.,
1351 3107 1395 3140 In
1423 3107 1559 3148 Galea..
1586 3116 1621 3148 p.
1650 3107 1764 3140 2890.
