2200 3387
510 186 538 218 2.
571 186 633 218 [lie
661 185 815 218 Glossen
845 195 886 218 zu
916 187 984 218 den
1016 187 1248 225 Kategorien.
1351 188 1400 219 lu·
1429 188 1604 219 relativis.
1839 187 1908 219 2025

233 282 306 318 sed
335 283 552 318 accubitus
578 287 614 318 et
640 283 769 318 statio
796 285 832 318 1¹!
859 283 1000 322 sessio,
1029 293 1095 318 res
1118 283 1277 318 scilicet
1301 284 1442 319 liorum
1470 285 1690 322 nominum.
1712 287 1810 319 sem!
1832 296 1907 329 po-

231 347 418 386 .s·1'!e'‹mc·s‚
447 357 513 382 res
542 347 732 383 videlicet
762 347 880 383 liuius
916 347 1092 383 nominis
1127 348 1234 391 quod
1264 352 1327 383 est
1357 349 1519 393 positio.
1575 349 1689 384 l'nde
1719 352 1906 394 apparet.

233 412 341 454 quod
371 412 475 446 llaec
505 411 669 447 nomina
699 411 897 455 specialia
927 411 1152 446 secundum
1183 411 1528 454 signil'icationem
1553 413 1634 448 sint
1663 414 1712 448 ad
1742 413 1907 458 aliquid.

236 476 372 512 lam-1·
399 478 553 511 (natvm.
607 476 711 516 Quia
738 479 849 511 stare
878 479 917 511 et
946 476 1081 512 statio.
1122 477 1197 511 liae
1235 487 1372 513 voces.
1411 478 1560 513 sedere
1600 482 1639 513 et
1676 479 1812 513 sessio
1842 479 1904 514 vel

196 550 212 573 :-
235 542 489 578 recumbere.
520 541 555 576 id
586 543 650 577 est
678 541 827 578 iacere.
857 543 897 576 et
925 541 1151 580 accubitus,
1182 542 1245 576 liic
1273 542 1475 577 consimili
1505 532 1812 586 significatione
1843 545 1904 579 vel

176 1528 211 1552 ‘2⁰

175 2185 210 2207 :m

233 606 363 641 l'orma
391 605 511 641 etiam
545 605 659 640 vocis
689 605 834 640 eadem
866 605 1029 649 penitus
1053 605 1182 640 videri
1207 608 1390 650 possent.
1413 606 1482 641 dat
1504 607 1778 643 differentiam
1804 608 1909 643 inter

232 679 369 715 caper
384 670 686 705 subiectionem
706 669 1039 714 praedicationis.
1057 671 1153 714 quia
1177 671 1368 706 videlicet
1390 671 1526 706 sessio
1543 671 1735 715 positioni
1759 682 1907 717 suppo·

233 735 351 773 nitur.
379 735 528 771 sedere
553 745 653 771 vero
678 745 769 771 non.
798 735 894 780 quia
917 737 980 770 est
1002 738 1209 780 sumptum
1228 746 1251 771 a
1275 737 1478 773 sessione,
1502 740 1542 772 et
1565 737 1641 772 lioc
1664 740 1745 773 est:
1774 738 1908 773 sessio

232 803 295 836 est
312 800 461 846 positio
479 809 661 845 quoqu&
685 801 848 836 sedere.
872 801 908 835 id
932 804 993 836 est
1013 810 1191 845 persona
1213 801 1379 850 sedens,
1403 812 1511 846 quae,
1535 802 1693 838 scilicet
1714 803 1907 839 sessione

232 866 385 902 affecta
414 869 488 903 est.
518 875 598 901 non
628 868 692 901 est
721 865 811 910 ipsa
840 866 1001 911 positio.
1031 866 1103 901 sed
1134 867 1445 902 denominative
1473 868 1621 903 dicitur
1641 878 1665 903 a
1688 868 1908 913 positione.

232 931 327 975 quia
364 931 522 966 scilicet
560 940 710 966 nomen
752 931 877 966 habet
915 931 991 966 hoc
1029 931 1138 976 quod
1177 934 1241 967 cst
1278 932 1444 969 sedens.
1487 933 1842 970 denominativum
1884 944 1907 968 a

232 996 436 1032 sessione.
489 996 685 1031 Similiter
712 996 762 1031 de
800 997 962 1032 ceteris.
1003 997 1039 1032 id
1079 999 1143 1032 est
1181 997 1318 1033 iacere
1354 1001 1393 1033 et
1431 1001 1544 1034 stare
1582 999 1800 1035 dicendum
1835 1003 1908 1037 est.

232 1061 284 1097 Et
314 1061 598 1097 notandum.
622 1071 712 1097 cum
736 1061 874 1097 iacere
896 1063 947 1097 ab
971 1063 1158 1098 accubitu
1177 1063 1487 1099 denominative
1512 1074 1591 1099 non
1617 1064 1777 1100 dicatur
1798 1066 1906 1110 apud

232 1137 320 1165 nos.
348 1127 456 1171 apud
486 1128 671 1162 Graecos
699 1126 879 1162 fortasse
909 1127 1192 1164 denominatio
1221 1131 1311 1164 erat
1341 1129 1380 1164 in
1418 1129 1494 1164 illis
1522 1133 1678 1174 <quaes
1707 1140 1780 1175 pro
1819 1131 1907 1167 istis

233 1192 501 1237 accipiuntur.
554 1192 707 1227 Poterit
735 1193 914 1228 fortasse
944 1193 1033 1229 dici,
1062 1194 1170 1237 quod
1200 1193 1553 1230 denominativum
1583 1195 1696 1239 large
1720 1196 1907 1232 hocloco

231 1258 381 1303 accipit
409 1268 482 1304 pro
512 1261 686 1303 sumpto.

376 1324 547 1360 Videtur
573 1327 709 1360 autem
739 1325 1050 1360 Aristoteles
1085 1325 1179 1361 huic
1214 1326 1466 1370 expositioni
1504 1326 1542 1362 in
1577 1327 1908 1371 sequentibus

231 1390 465 1426 contrarius
493 1400 601 1427 esse.
631 1390 696 1426 ubi
725 1391 882 1426 scilieet
904 1390 998 1426 ait¹t
1028 1383 1179 1426 dictum
1203 1393 1267 1426 est
1290 1391 1340 1427 de
1370 1391 1447 1426 situ
1478 1392 1515 1427 in
1546 1392 1608 1428 liis
1636 1401 1744 1437 quae
1765 1393 1817 1428 ad
1839 1393 1909 1429 ali-

231 1455 326 1500 quid
343 1458 448 1492 sunt.
471 1456 567 1500 quia
589 1456 899 1492 denominative
923 1466 946 1491 a
975 1456 1250 1500 positionibus
1278 1456 1436 1492 dicitur.
1490 1457 1563 1494 Hic
1585 1458 1693 1493 enim
1717 1458 1908 1494 Aristo-

232 1521 358 1556 teles
388 1521 526 1557 dicere
556 1521 775 1556 manifeste
804 1521 968 1557 videtur
989 1521 1102 1565 ipsos
1124 1522 1235 1557 situs
1265 1521 1303 1557 id
1327 1524 1389 1557 est
1412 1523 1654 1567 positiones,
1680 1523 1759 1559 dici
1782 1524 1908 1560 deno-

231 1586 426 1622 minative
455 1596 478 1621 a
507 1586 793 1631 positionibus.
846 1586 942 1622 Nos
971 1596 1070 1622 vero
1094 1587 1206 1632 ipsas
1229 1588 1485 1623 substantias
1510 1588 1708 1626 iacentes.
1733 1591 1903 1626 stantes.

230 1652 427 1688 sedentes
456 1652 697 1688 dicebamus
726 1652 804 1688 dici
834 1653 1145 1689 denominative
1175 1663 1199 1689 a
1226 1653 1502 1698 positionibus
1532 1664 1638 1699 quae
1667 1656 1762 1690 sunt
1791 1655 1905 1691 situs,

232 1717 347 1753 Unde
376 1717 571 1762 quidam
607 1718 737 1753 coacti
773 1718 1019 1754 auctoritate
1048 1718 1344 1754 Aristotelis
1386 1719 1490 1755 haec
1532 1720 1699 1755 nomina
1742 1721 1904 1765 positio.

230 1783 353 1818 statio
381 1785 469 1820 etc„
506 1783 738 1827 aequivoce
767 1785 933 1819 sumunt
960 1784 999 1819 in
1038 1784 1330 1828 designatione
1366 1785 1625 1829 quarundam
1665 1786 1904 1830 qualitatum

173 1853 208 1878 Ξῖ·
230 1848 505 1884 adiacentium
535 1848 691 1884 sitibus.
720 1859 744 1884 a
772 1849 919 1893 quibus
949 1849 1141 1885 videlicet
1169 1850 1438 1894 qualitatibus
1469 1851 1547 1895 ipsi
1584 1850 1688 1887 situs
1717 1851 1907 1887 dicuntur

229 1913 550 1950 denominative.
578 1914 776 1950 iacentes.
805 1917 977 1950 stantes.
1007 1915 1216 1950 sedentes.
1270 1915 1315 1950 Et
1352 1919 1447 1951 tunc
1487 1916 1652 1960 planum
1691 1918 1766 1953 est.
1796 1918 1903 1961 quod

230 1978 534 2014 Aristoteles
563 1980 618 2015 ait
653 1979 689 2014 in
725 1981 1075 2024 sequentibus.
1116 1981 1229 2025 ipsos
1270 1981 1372 2016 situ<
1411 1981 1490 2017 dici
1529 1982 1841 2018 denominative
1882 1993 1904 2018 a

230 2043 517 2088 positionibus.
545 2045 824 2089 qualitatibus,
854 2048 893 2081 et
921 2055 1010 2081 cum
1042 2046 1334 2090 praemittitur:
1376 2047 1521 2084 statio,
1549 2048 1684 2083 sessio
1714 2051 1809 2084 sunt
1837 2058 1906 2093 po-

230 2108 416 2146 sitiones.
447 2110 596 2154 positio
619 2120 720 2146 vero
748 2111 799 2146 ad
827 2111 981 2155 aliquid
1005 2114 1091 2148 estu
1120 2111 1170 2147 de
1196 2112 1463 2156 qualitatibus
1486 2112 1631 2157 agitur.
1655 2123 1743 2149 cum
1768 2115 1903 2149 autem

231 2175 478 2219 supponitur
515 2175 675 2212 iacere.
704 2177 965 2212 accumbere
995 2179 1084 2214 etc..
1122 2177 1172 2212 de
1212 2177 1359 2213 sitibus
1398 2178 1534 2221 agitur
1572 2188 1646 2223 per
1682 2181 1846 2223 sumpta
1882 2190 1905 2214 a

231 2240 508 2284 qualitatibus.
561 2241 611 2276 At
641 2250 740 2276 vero
770 2242 1051 2278 necessarium
1084 2243 1202 2278 nobis
1232 2253 1313 2278 non
1344 2243 1508 2279 videtur
1537 2246 1705 2289 propter
1731 2244 1906 2280 auctori-

232 2306 356 2340 tatem
388 2305 679 2341 Aristotelis
707 2306 951 2342 salvandam
982 2309 1039 2342 tot
1062 2307 1391 2351 significationes
1415 2309 1624 2344 nominum
1647 2309 1806 2355 fingere
1830 2319 1906 2345 nec

231 2370 447 2414 quisquam
477 2380 628 2405 sensus
657 2371 694 2406 in
725 2380 775 2406 eo
804 2375 990 2416 apparet.
1026 2373 1134 2417 quod
1171 2374 1320 2408 sedere
1349 2375 1414 2409 vel
1453 2375 1576 2410 statio
1614 2375 1747 2419 ipsum
1783 2375 1905 2411 situm

232 2435 414 2471 dicimus.
431 2435 503 2471 sed
521 2438 676 2471 tantum
695 2437 981 2474 substantiam.
998 2437 1130 2482 ipsum
1145 2438 1304 2474 scilicet
1327 2439 1544 2475 hominem.
1593 2439 1709 2476 L'nde
1727 2440 1904 2484 priorem

197 2499 538 2544 expositionem
577 2501 743 2536 omnino
781 2502 1011 2538 retinentes
1049 2503 1221 2538 dicimus
1260 2504 1588 2540 Aristotelem
1627 2515 1708 2540 non
1746 2505 1905 2541 dixisse

232 2565 335 2601 situs
363 2565 620 2601 denominari
650 2576 673 2601 a
703 2566 987 2610 positionibus.
1026 2569 1099 2603 sed
1137 2569 1215 2604 hoc
1244 2571 1400 2604 tantum
1430 2570 1538 2614 quod
1568 2570 1619 2605 de
1657 2570 1734 2606 situ
1774 2570 1812 2605 in
1842 2570 1903 2607 ,ad

231 2630 395 2675 aliquid·
432 2631 590 2666 loeutus
625 2633 689 2666 est
717 2634 756 2667 et
786 2632 864 2670 ubi.
901 2633 1091 2677 assignat
1131 2634 1315 2670 breviter
1353 2637 1550 2679 repetens
1591 2636 1738 2671 eadem
1776 2635 1905 2671 verba

231 2705 338 2741 quae
367 2696 419 2731 ibi
449 2699 648 2740 posuerat
675 2696 830 2733 dicens.
867 2697 963 2742 quia
991 2699 1302 2734 denominative
1330 2710 1355 2735 a
1391 2699 1666 2744 positionibus
1701 2700 1904 2739 dicuntur.

232 2760 370 2797 iacere
399 2761 556 2796 scilicet
584 2763 624 2796 et
651 2765 761 2797 stare
791 2764 830 2797 et
858 2763 1019 2798 sedere.
1050 2763 1126 2799 hoc
1155 2766 1219 2800 est
1247 2765 1481 2800 substantia
1510 2764 1650 2801 iacens
1678 2767 1753 2801 etc.
1801 2765 1903 2805 Quia

178 2840 212 2864 ⁴0
233 2826 339 2861 enim
370 2835 536 2871 semper
572 2826 634 2861 liic
663 2827 928 2871 breviloquus
965 2828 1037 2863 fuit
1067 2829 1363 2872 praetermisso
1393 2829 1581 2865 subiecto
1610 2830 1904 2874 propositionis

235 2900 308 2936 per
335 2901 384 2926 ea
413 2900 520 2935 quae
548 2891 753 2936 apposuit,
792 2892 922 2936 ipsum
961 2902 1125 2937 quoque
1165 2893 1293 2929 innuit
1330 2896 1370 2929 et
1409 2894 1474 2929 ubi
1514 2894 1615 2929 dixit
1650 2894 1903 2930 substantias

375 3002 394 3029 Γ»
422 3001 648 3032 consimilem
678 3001 986 3040 signilimtlioiwm
1019 3003 1073 3034 vel
1104 3004 1256 3034 formum
1285 3003 1309 3034 .l
1413 3005 1432 3033 tl
1463 3012 1646 3042 personae
1674 3003 1699 3035 A

379 3071 384 3091 ¹
417 3072 566 3103 lim-th.
595 3071 617 3103 I.
647 3083 686 3108 r..
716 3081 746 3112 p.
777 3070 843 3104 :252
862 3073 897 3105 13.
