2200 3387
297 242 361 277 180
694 245 800 276 Pctcr
827 244 1030 276 Abaelards
1058 244 1192 284 Logica
1220 242 1543 284 ingredientibus&

296 344 445 386 partes.
474 343 567 385 post
594 340 840 376 divisionem
876 342 1028 384 puncta
1055 349 1272 384 apparere.
1300 349 1407 384 quae
1443 339 1556 384 prius
1584 339 1806 375 coniuncta
1831 339 1960 375 fuisse

295 406 583 451 intelliguntur.
636 404 734 440 Cum
764 404 902 449 itaque
931 405 1043 440 linea
1063 405 1214 449 ubique
1237 404 1369 449 possit
1388 404 1522 445 incidi,
1544 404 1694 449 ubique
1716 413 1791 449 per
1809 404 1958 440 lineam

296 472 447 515 puncta
475 472 606 505 sunt1.
659 470 752 505 Sed
779 469 1001 505 fortasse
1023 469 1221 506 dicitur.
1245 469 1354 513 quod
1375 469 1432 504 ita
1452 470 1545 504 sunt
1565 478 1640 513 per
1660 469 1789 504 totam
1809 468 1961 504 lineam

296 538 458 579 puncta.
487 535 595 579 quod
623 544 705 570 non
734 536 828 570 sunt
856 534 906 570 de
935 534 1121 570 essentia
1147 534 1282 569 lineae
1310 534 1434 578 atque
1462 533 1557 569 ideo
1577 542 1655 569 nec
1676 534 1827 578 partes.
1880 532 1961 569 Sed

294 600 327 635 si
354 600 404 635 de
433 599 619 635 essentia
645 608 727 634 non
765 601 869 636 sunt,
904 599 1110 643 quomodo
1148 598 1279 643 magis
1317 599 1457 643 partes
1492 598 1628 633 lineae
1665 597 1998 633 continuabunte»

297 672 419 707 quam
446 662 673 707 particulae
701 662 815 707 ipsae
844 662 1059 699 albedinis.
1088 671 1194 706 quae
1223 661 1410 697 similiter
1435 661 1618 697 insertae
1647 662 1742 697 sunt
1767 661 1875 696 inter
1904 670 1962 697 se.

297 728 569 763 Praeterea
597 727 631 763 si
659 727 816 763 inserta
843 727 978 762 lineae
1006 727 1191 771 partibus
1217 726 1275 762 Ita
1302 728 1407 767 sunt,
1435 727 1478 762 ut
1499 736 1582 762 non
1602 726 1684 762 sint
1704 725 1755 762 de
1778 724 1963 762 essentia

300 794 448 829 lineae.
471 793 677 837 quomodo
700 792 937 836 permittent
959 801 1050 827 eam
1073 800 1169 827 esse
1191 790 1458 827 continuam?
1497 791 1586 827 Non
1602 791 1710 827 enim
1725 791 1759 826 si
1778 790 1963 836 partibus

295 858 498 894 albedinis
532 858 704 903 nigredo
744 857 881 901 aliqua
919 856 1043 892 etiam
1079 856 1168 892 sine
1204 856 1421 892 intervallo
1461 856 1617 892 inserta
1652 857 1775 896 esset,
1815 855 1962 891 albedo

295 923 489 959 continua
528 922 744 958 diceretur.
798 921 1029 966 Amplius.
1091 920 1191 957 Cum
1230 931 1305 966 per
1343 922 1473 957 totum
1509 930 1660 966 corpus
1696 921 1848 966 puncta
1883 920 1964 956 sint
1985 927 2018 952 10

295 990 503 1032 tamquam
531 996 752 1022 mensurae
780 986 1089 1022 indivisibilium
1116 995 1347 1031 corporum,
1369 995 1492 1031 quam
1513 985 1786 1031 compositam
1806 984 1964 1030 quanti-

295 1055 420 1089 tatem
443 1052 560 1088 simul
585 1051 804 1087 coniuncta
825 1051 1048 1087 conficient
1068 1051 1147 1087 nisi
1166 1051 1318 1087 lineam
1338 1051 1405 1087 vel
1427 1051 1606 1096 aliquam
1627 1049 1827 1086 aliarum?
1870 1050 1963 1095 Ipse

295 1118 446 1162 quippe
474 1116 779 1152 Aristotcles
806 1116 847 1152 in
875 1116 1174 1161 sequentibus2
1208 1116 1318 1152 dicet
1343 1116 1419 1152 has
1448 1116 1560 1152 solas
1588 1125 1691 1160 quas
1718 1115 1844 1160 ponit,
1873 1124 1964 1160 pro-

295 1182 382 1227 prie
420 1182 498 1217 dici
537 1181 800 1225 quantitates.
857 1180 972 1216 Haec
1010 1180 1150 1225 itaque
1189 1180 1293 1216 ratio
1329 1180 1492 1216 videtur
1530 1189 1681 1225 cogere
1720 1179 1871 1215 lineam
1910 1188 1963 1215 ex

298 1246 461 1292 punctis
501 1248 705 1282 constare.
743 1255 850 1290 quae
887 1245 1087 1281 terminos
1123 1245 1300 1290 partium
1336 1245 1424 1281 eius
1461 1245 1798 1281 Aristoteles3
1829 1245 1962 1285 vocat,
1985 1252 2017 1278 15

298 1314 421 1357 atque
450 1311 598 1347 eadem
624 1311 786 1346 ratione
821 1310 1083 1355 superficiem
1117 1320 1169 1346 ex
1205 1310 1337 1351 lineis,
1374 1319 1526 1355 corpus
1562 1319 1616 1345 ex
1651 1308 1962 1354 superficiebus,

301 1377 396 1421 quia
412 1378 451 1412 et
465 1376 575 1411 linea
591 1375 826 1420 superficiei
847 1375 1048 1411 terminus
1070 1375 1217 1411 dicitur
1232 1377 1272 1411 et
1294 1375 1539 1420 superficies
1555 1374 1622 1410 vel
1636 1374 1746 1410 linea
1766 1373 1963 1419 corporis.

444 1440 591 1476 Omnia
613 1441 751 1484 itaque
775 1450 827 1476 ex
849 1439 1010 1485 punctis
1032 1440 1259 1475 nascuntur
1280 1441 1321 1475 et
1341 1439 1655 1475 constituuntur.
1706 1439 1750 1474 In
1770 1439 1965 1484 longum

299 1513 480 1549 namque
508 1506 700 1548 porrecta
726 1505 879 1548 puncta
905 1503 1087 1539 lineam
1114 1503 1280 1545 faciunt,
1310 1503 1418 1548 quod
1446 1504 1487 1539 et
1513 1503 1603 1548 ipse
1630 1502 1965 1538 Aristotele-‘34

296 1569 436 1606 innuit,
464 1579 555 1604 cum
583 1569 655 1604 ait:
685 1570 736 1607 ,et
763 1569 815 1604 ad
837 1578 959 1613 quem
980 1568 1206 1613 particulae
1229 1569 1395 1604 ceterae
1417 1568 1683 1613 copulantur‘,
1706 1567 1746 1603 in
1767 1568 1963 1613 longum
1984 1575 2018 1601 20

295 1634 438 1669 simul
467 1635 513 1670 et
539 1634 691 1669 latum
725 1632 1069 1677 superficiem,
1108 1633 1149 1668 in
1177 1632 1391 1678 spissum
1419 1642 1601 1677 corpus
1636 1631 1964 1677 quantitativum.

299 1698 412 1735 Sicut
440 1699 549 1734 enim
577 1699 658 1734 duo
686 1700 838 1743 puncta
865 1698 917 1733 ad
944 1698 1078 1733 minus
1106 1698 1147 1733 in
1180 1698 1347 1743 longum
1375 1699 1568 1742 porrecta
1599 1706 1682 1733 una
1715 1698 1810 1732 sunt
1843 1696 1966 1737 linea,

295 1763 352 1798 ita
380 1763 486 1798 duae
515 1762 651 1798 lineae
679 1761 731 1798 ad
767 1762 901 1797 minus
936 1761 1230 1797 collateraliter
1266 1761 1344 1797 sibi
1379 1761 1544 1797 iunctae
1580 1770 1663 1797 una
1699 1762 1794 1796 sunt
1826 1769 1967 1805 super-

301 1827 428 1868 ficies,
463 1827 707 1872 superficies
741 1836 842 1862 vero
880 1826 958 1862 sibi
995 1826 1237 1871 suppositae
1274 1836 1425 1871 corpus
1460 1826 1647 1862 reddunt.
1698 1825 1792 1861 Tria
1826 1825 1966 1870 itaque

295 1893 400 1928 haec
428 1902 481 1928 ex
508 1892 670 1937 punctis
700 1893 903 1933 constant,
933 1892 1021 1928 sive
1049 1892 1089 1927 in
1117 1892 1284 1937 longum
1307 1891 1520 1937 dispositis
1548 1891 1636 1927 sive
1657 1891 1699 1927 in
1725 1891 1851 1927 latum
1877 1890 1965 1926 sive
1985 1898 2020 1924 25

296 1958 336 1993 in
377 1957 567 2002 spissum.
624 1957 807 2002 Longum
845 1959 984 1993 autem
1021 1959 1061 1992 et
1093 1957 1221 1992 latum
1257 1958 1298 1992 et
1333 1957 1515 2002 spissum
1550 1966 1627 2002 per
1661 1956 1763 1992 situs
1799 1957 1966 1992 nostros

297 2021 583 2067 distinguimus
612 2021 929 2056 considerantes
957 2021 1122 2065 quidem
1157 2021 1456 2066 longitudinem
1489 2020 1598 2056 inter
1632 2021 1729 2056 ante
1767 2021 1807 2055 et
1841 2020 1965 2060 retro,

296 2086 553 2122 latitudinem
570 2086 678 2121 inter
694 2085 957 2121 dextrorsum
973 2087 1013 2122 et
1033 2085 1328 2127 sinistrorsum,
1351 2085 1660 2130 spissitudinem
1675 2084 1782 2120 inter
1804 2093 1965 2120 sursum

297 2151 337 2185 et
365 2149 570 2185 deorsum.
621 2149 710 2184 Non
739 2150 834 2185 sunt
860 2151 998 2184 autem
1026 2149 1278 2194 quantitates
1304 2148 1395 2190 ista,
1425 2148 1529 2184 sicut
1560 2158 1640 2184 nec
1666 2157 1860 2193 magnum
1887 2156 1966 2183 nec

299 2224 471 2259 parvum
498 2215 565 2250 vel
592 2214 768 2258 aequale
797 2214 862 2249 vel
890 2214 1121 2258 inaequale.
1150 2214 1224 2249 sed
1250 2213 1389 2258 potius
1416 2213 1590 2249 relativa
1625 2213 1827 2254 videntur,
1861 2212 1967 2248 sicut
1986 2216 2021 2242 30

301 2280 341 2314 et
367 2278 435 2314 illa
463 2280 567 2314 sunt.
621 2278 733 2314 Sicut
761 2278 869 2313 enim
896 2287 1090 2323 magnum
1117 2278 1170 2314 ad
1196 2287 1369 2323 parvum
1397 2277 1737 2314 Aristoteles⁵
1773 2277 1870 2313 dicit
1904 2286 1967 2313 re·

302 2344 411 2383 ferri,
439 2343 497 2379 ita
524 2343 649 2379 etiam
676 2343 843 2388 longum
871 2343 923 2378 ad
949 2344 1089 2383 breve,
1116 2343 1243 2378 latum
1264 2343 1317 2379 ad
1338 2343 1534 2383 strictum,
1556 2342 1736 2387 spissum
1757 2342 1809 2378 ad
1829 2343 1965 2378 tenue.

444 2408 578 2447 Sunt,
608 2408 693 2453 qui
718 2408 870 2443 lineam
899 2418 952 2443 ex
980 2408 1143 2452 punctis
1171 2408 1281 2443 nullo
1309 2408 1432 2444 modo
1467 2409 1660 2443 constare
1692 2407 1821 2443 velint
1855 2406 1967 2442 fulci-

298 2476 414 2509 entes
448 2483 494 2509 se
522 2473 653 2518 magis
682 2473 987 2508 auctoritate
1016 2483 1137 2518 quam
1165 2473 1375 2509 ratione.
1427 2473 1494 2509 Ait
1521 2472 1630 2508 enim
1656 2471 1898 2508 Boethius
1923 2471 1965 2507 in

298 2537 630 2574 Commentosst
679 2538 777 2578 ‚Non
817 2539 956 2573 autem
996 2547 1104 2573 nunc
1142 2538 1221 2573 hoc
1259 2537 1416 2579 dicitur,
1444 2537 1553 2583 quod
1579 2537 1691 2573 linea
1723 2538 1886 2573 constet
1912 2546 1967 2572 ex
1984 2543 2018 2568 35

300 2603 464 2648 punctis
492 2605 562 2638 aut
589 2603 834 2647 superficies
864 2612 917 2638 ex
943 2602 1063 2638 lineis
1091 2604 1162 2638 aut
1189 2603 1363 2639 solidum
1397 2612 1547 2647 corpus
1575 2612 1628 2639 ex
1655 2601 1965 2647 superficiebus,

299 2668 372 2703 sed
413 2668 492 2703 duo
532 2668 668 2703 lineae
708 2668 871 2703 termini
909 2670 1062 2712 puncta
1099 2668 1181 2703 sint
1208 2668 1274 2703 vel
1313 2667 1551 2713 superficiei
1587 2667 1723 2703 lineae
1751 2667 1818 2703 vel
1846 2666 1967 2702 solidi

298 2733 484 2777 corporis
524 2732 769 2777 superficies
810 2733 1002 2777 nullaque
1049 2742 1116 2768 res
1163 2733 1248 2768 suis
1294 2732 1480 2769 terminis
1526 2733 1700 2768 constat.
1762 2731 1966 2772 Quocirca

444 2843 484 2873 14
514 2843 630 2874 oratio
651 2842 677 2874 Α
782 2843 823 2873 20
853 2851 962 2882 quam
992 2843 1019 2873 Α
1072 2842 1289 2882 particulam
1314 2842 1344 2874 A
1445 2842 1489 2873 37
1515 2842 1649 2882 puncto
1668 2841 1698 2873 A
1797 2840 1840 2872 38
1867 2840 1967 2872 nulla

301 2910 449 2941 quoque
476 2901 504 2932 A

443 2959 450 2980 ¹
480 2960 630 2991 Abael.
661 2960 682 2991 l.
710 2969 749 2997 e..
780 2970 812 3000 p.
844 2960 919 2992 182.
1066 2959 1080 2981 '2
1106 2960 1248 2993 Boeth
1288 2960 1309 2992 l.
1337 2969 1376 2998 c.,
1404 2969 1438 3000 p.
1468 2959 1534 2991 209
1551 2959 1590 2991 A.

440 3018 454 3039 3
481 3020 632 3051 Boeth.
662 3019 682 3051 l.
712 3028 750 3057 0.,
780 3029 813 3060 p.
843 3020 907 3051 204
926 3021 962 3051 Β.
1066 3020 1080 3040 4
1107 3019 1257 3051 Boeth.
1287 3019 1308 3051 l.
1336 3027 1363 3050 ο.

441 3076 455 3096 7‘
482 3077 633 3108 Boeth.
663 3077 684 3108 I.
714 3087 752 3114 a,
781 3087 814 3117 p.
844 3078 909 3109 219
926 3078 962 3109 C.

443 3135 457 3154 ’ἱ
484 3136 633 3167 Boeth.
663 3136 684 3168 I.
713 3146 751 3173 (2,
782 3146 813 3176 p.
844 3137 1007 3169 205Ass.
1060 3137 1209 3168 Abael.
1239 3137 1260 3167 l.
1289 3146 1329 3173 cn,
1358 3145 1391 3176 p.
1423 3137 1498 3167 181.
