2200 3387
457 240 486 271 2.
517 238 580 271 1)ie
609 239 764 271 Glossen
792 247 835 270 zu
864 239 932 270 ‹len
962 238 1195 277 Kutegorien.
1226 256 1241 257 ψ
1299 237 1348 269 l)e
1376 238 1669 270 denominativis.
1840 235 1904 269 129

233 336 271 372 id
310 337 374 372 est
411 335 644 381 personalis
681 335 1009 380 significationis..
1065 334 1109 369 1η
1146 335 1330 369 sublecta
1367 337 1508 370 nutem
1547 336 1657 370 nihil
1694 346 1755 376 va,
1792 345 1841 371 ac
1870 335 1902 370 si

234 400 406 436 diceret:
448 400 554 436 istud
592 399 700 445 quod
738 399 928 435 dicantur
965 398 1017 434 de.
1054 398 1254 435 subiecto.
1296 400 1442 434 natura
1482 399 1780 443 singularitatis
1822 409 1902 435 non

235 465 442 510 permittit.
480 465 554 500 sed
591 465 642 500 ad
680 465 757 500 lioc
795 464 902 508 quod
941 463 979 499 in
1008 463 1195 499 subiecto
1223 463 1314 501 sint.
1354 474 1433 499 non
1463 467 1677 509 repugnat.
1731 465 1775 500 lit
1805 475 1903 500 vere

235 539 314 565 non
345 531 548 574 repugnat
575 529 626 564 ad
656 529 743 567 lioc.
781 528 878 572 quia
911 527 1115 572 quaedam
1145 527 1373 572 singularia
1401 530 1495 563 sunt
1523 528 1560 564 in
1590 529 1789 564 subiecto.
1843 529 1904 564 Ab

197 602 213 624 ·'›
234 594 449 639 oppositis.
502 593 619 634 Quod
649 593 830 629 ostendit
860 593 898 628 in
927 594 1044 637 parte
1073 592 1228 630 dicens,
1251 593 1360 637 quod
1389 593 1595 637 quaedam
1623 595 1903 638 grammatica,

183 923 212 947 10

184 1255 213 1279 15

181 1904 215 1929 25

181 2233 216 2258 ³0

183 2558 217 2582 ³5

235 659 273 694 id
301 661 363 695 est
391 658 640 704 particulare
669 667 819 693 nomen
848 657 1158 702 grammaticae.
1187 659 1251 693 est
1279 657 1317 693 in
1346 658 1546 693 subiecto.

377 723 515 761 Nota.
544 723 651 768 quod
675 732 766 758 cum
790 722 894 758 haee
916 722 1153 767 singularia.
1182 723 1259 758 boc
1286 723 1449 761 animal.
1478 724 1555 759 lioc
1583 723 1798 764 rationale,
1828 725 1904 760 hoc

234 797 396 833 eorpus,
425 787 529 823 haec
557 787 791 822 substantia
818 786 869 822 de
898 786 975 822 hoc
1004 786 1169 822 homine
1199 786 1254 822 ita
1283 787 1586 831 praedicentur.
1615 788 1723 832 quod
1753 788 1790 823 in
1814 798 1904 823 sen-

235 853 365 889 tentia
391 853 481 889 eius
516 852 666 888 includi
695 852 900 891 videntur,
938 852 989 888 de
1018 853 1206 888 subiecto
1235 855 1385 891 tamen.
1415 855 1455 888 ut
1483 853 1740 898 superius¹
1773 854 1906 889 deter-

233 918 430 954 minatum
459 919 534 955 cst.
562 917 642 954 dici
664 927 746 953 non
770 919 956 962 possunt.
979 927 1069 953 cum
1094 917 1347 954 universalia
1369 928 1450 954 non
1473 918 1593 954 sint-¹.
1649 919 1692 954 In
1722 920 1905 954 sulam-lo

233 985 374 1019 (tatem
399 993 483 1019 esse
504 983 597 1018 (Ιὶιό
612 986 636 1018 ·'‘.
677 982 791 1018 Nunc
813 982 908 1019 illud
928 983 1166 1028 aperiamus
1183 983 1291 1028 quod
1315 984 1547 1028 superius
1563 987 1576 1008 ⁴
1599 984 1905 1020 intermisimus.

234 1047 280 1084 Et
301 1048 514 1084 sciendum
538 1050 613 1086 est.
641 1048 750 1093 quod
780 1048 857 1084 hoc
886 1048 976 1084 loco
1006 1049 1194 1084 naturam
1223 1058 1358 1084 rerum
1389 1058 1495 1093 quae
1524 1049 1563 1084 in
1589 1050 1776 1086 subiecto
1799 1052 1905 1087 sunt.

234 1114 441 1159 quandam
460 1114 605 1159 aperit.
635 1113 674 1149 in
691 1123 772 1158 qua
793 1114 896 1149 duas
918 1114 1137 1159 opiniones
1159 1114 1285 1150 falsas
1308 1123 1414 1159 quae
1437 1115 1488 1150 de
1511 1115 1571 1151 eis
1594 1116 1723 1152 erant.
1750 1115 1905 1151 recidit.

234 1179 486 1220 Quibusdam
524 1189 703 1224 namque
739 1179 970 1219 videbatur,
1007 1180 1116 1224 quod
1156 1181 1296 1224 partes
1335 1180 1391 1216 ita
1424 1180 1463 1215 in
1492 1180 1588 1216 totis
1617 1183 1760 1216 essent
1788 1181 1907 1225 quasi

235 1245 274 1281 in
304 1245 513 1285 subiectis,
543 1247 585 1280 ut
606 1254 753 1281 manus
774 1244 829 1280 ita
851 1246 964 1280 esset
995 1244 1033 1280 ln
1057 1245 1222 1280 homine
1246 1245 1363 1289 quasi
1387 1245 1424 1280 in
1448 1246 1729 1282 fundamento.
1753 1246 1803 1282 de
1826 1256 1906 1291 quo

234 1309 324 1355 ipse
352 1309 391 1345 in
420 1309 786 1353 sequentibus⁵
814 1309 939 1345 dicet:
975 1309 1064 1347 ‚nisi
1092 1318 1168 1345 nos
1196 1319 1277 1345 non
1306 1310 1554 1346 conturbent
1581 1310 1905 1346 substantiarum

239 1376 491 1420 partes··etc.
545 1374 653 1410 Alia
684 1384 850 1420 quoque
871 1374 1010 1419 opinio
1038 1374 1145 1410 falsa
1172 1376 1262 1410 erat
1289 1375 1340 1410 de
1368 1375 1665 1413 accidentibus,
1694 1375 1801 1419 quod
1825 1385 1907 1411 mu-

235 1442 324 1476 tare
361 1439 550 1476 subiecta
584 1440 832 1476 videbantur
865 1442 916 1476 et.
957 1449 1048 1476 cum
1086 1439 1126 1475 iu
1163 1449 1245 1475 uno
1283 1442 1438 1477 essent.
1478 1440 1529 1476 ad
1569 1441 1678 1476 aliud
1717 1441 1906 1477 transire.

235 1505 366 1545 Quam
403 1505 570 1550 quidem
606 1505 844 1550 opinionem
873 1505 1114 1541 Boethius
1143 1505 1183 1540 in
1211 1504 1528 1541 Commento‘i
1564 1507 1696 1552 tangit
1731 1507 1907 1551 loquens

179 1584 194 1604 ·.
235 1571 286 1607 de
324 1571 453 1606 odore
490 1570 612 1615 pomi,
651 1570 719 1615 qui
755 1570 806 1606 ad
844 1579 1010 1606 manum
1048 1570 1226 1606 transire
1264 1571 1437 1609 videtur.
1478 1580 1569 1607 cum
1611 1572 1747 1616 potius
1784 1572 1906 1608 alium

235 1636 407 1672 odorem
438 1635 598 1672 inferat.
636 1635 741 1671 sicut
768 1635 944 1671 dulcedo
973 1635 1117 1673 mellis.
1152 1645 1259 1680 quae
1293 1637 1493 1672 naturalis
1520 1639 1594 1674 est.
1623 1637 1744 1673 aliam
1774 1638 1908 1673 dulce-

235 1701 371 1737 dinem
406 1701 546 1746 palato
569 1703 572 1745 Ι
599 1701 805 1747 gustantis
840 1701 1000 1746 ingerit.
1029 1710 1137 1746 quae
1165 1702 1366 1737 naturalis
1394 1711 1475 1737 non
1505 1704 1578 1738 est.
1630 1702 1714 1738 Has
1742 1703 1906 1748 quidem

235 1766 339 1802 duas
367 1766 587 1811 opiniones
615 1766 926 1802 Aristoteles
954 1766 1135 1802 maxime
1170 1767 1329 1802 curavit
1362 1767 1563 1807 recidere,
1601 1768 1766 1812 quando
1804 1769 1908 1804 hanc

235 1831 533 1876 proprietatem
551 1831 778 1876 supposuit.
818 1830 894 1871 Qui
916 1841 1007 1867 cum
1030 1831 1277 1868 divisionem
1300 1833 1575 1877 praemissam
1603 1833 1653 1869 de
1682 1834 1906 1871 vocibus.

237 1898 279 1932 ut
316 1897 469 1932 dictum
507 1898 582 1935 est.
619 1896 777 1933 faceret
814 1898 854 1932 et
891 1897 1093 1942 quasdam
1122 1897 1160 1933 in
1191 1897 1363 1934 Socrate
1392 1907 1486 1934 esse
1515 1898 1682 1936 diceret.
1720 1899 1816 1944 quia
1844 1899 1907 1935 bic

235 1970 365 1997 voces
404 1961 539 2007 gratia
575 1961 902 2006 significatarum
942 1971 1078 1997 rerum
1117 1962 1251 2000 habet.
1287 1962 1485 1998 transfert
1513 1972 1558 1999 se
1587 1963 1638 1999 ad
1667 1973 1763 2000 res.
1801 1973 1907 2008 quae

235 2026 401 2072 proprie
430 2027 526 2062 sunt
553 2026 593 2062 in
617 2026 800 2065 Socrate,
829 2028 869 2062 et
897 2027 1079 2063 ostendit
1106 2027 1162 2063 ita
1189 2036 1262 2063 eas
1291 2028 1331 2063 in
1353 2027 1526 2065 Socrate
1554 2038 1659 2066 esse.
1689 2030 1795 2074 quod
1826 2039 1907 2065 non

235 2093 332 2128 sunt
367 2091 422 2127 ibi
459 2092 566 2128 sicut
602 2101 698 2137 pars
724 2092 863 2137 aliqua
890 2092 1104 2129 subiectae
1133 2093 1392 2129 substantiae
1421 2095 1462 2129 et
1488 2094 1669 2139 insuper,
1707 2104 1799 2130 eum
1828 2095 1909 2130 sint

235 2155 276 2191 in
299 2165 362 2197 eo,
390 2155 649 2201 impossibile
671 2157 735 2192 est
757 2166 808 2192 ea
836 2166 931 2192 esse
959 2156 1049 2192 sine
1077 2165 1139 2192 eo.
1192 2156 1238 2192 Et
1265 2159 1398 2198 nota,
1426 2158 1536 2203 quod
1563 2168 1645 2195 non
1675 2159 1731 2195 ait
1758 2159 1909 2204 simpli-

236 2219 354 2256 citer:
393 2229 486 2259 ,non
517 2221 691 2264 possunt
719 2229 816 2256 esse
844 2220 934 2256 sine
963 2227 1038 2260 eo·‚
1075 2221 1147 2257 sed
1177 2221 1233 2257 ita
1259 2222 1333 2258 ait:
1371 2224 1601 2267 ,postquam
1640 2226 1734 2259 sunt
1768 2224 1806 2260 in
1845 2234 1908 2263 eo,

235 2294 318 2321 non
357 2287 533 2330 possunt
569 2294 666 2321 esse
703 2285 793 2322 sine
832 2293 906 2324 eo·.
945 2286 1023 2322 hoc
1060 2288 1141 2322 est:
1179 2297 1261 2323 non
1300 2289 1438 2332 potest
1465 2290 1614 2324 natura
1641 2299 1783 2325 eorum
1814 2291 1908 2335 pati.

236 2351 278 2386 ut
313 2359 404 2386 cum
441 2350 675 2386 accidentia
710 2351 824 2396 prius
858 2351 940 2387 sint
967 2351 1006 2387 in
1035 2352 1186 2397 aliquo.
1224 2354 1373 2397 postea
1400 2353 1490 2389 sine
1518 2363 1569 2390 eo
1598 2357 1752 2399 queant
1780 2355 1909 2391 subsi-

236 2417 360 2451 stere.
401 2415 605 2452 'Fortasse
632 2417 770 2452 autem
799 2416 832 2452 si
860 2416 1103 2462 simpliciter
1130 2417 1308 2454 dixisset
1334 2419 1532 2455 accidens
1560 2429 1640 2456 non
1665 2430 1789 2465 posse
1813 2430 1908 2456 esse

237 2466 327 2516 sine
355 2480 556 2521 subiecto.
584 2481 622 2517 in
653 2491 733 2526 quo
763 2481 885 2517 modo
915 2483 988 2520 est.
1016 2482 1162 2518 falsum
1193 2485 1317 2519 esset.
1372 2484 1543 2520 Videtur
1569 2485 1691 2524 enim.
1720 2488 1761 2521 ut
1789 2486 1908 2522 huius

238 2545 426 2590 corporis
453 2546 614 2587 albedo,
643 2547 808 2592 quando
837 2547 931 2583 huic
959 2548 1122 2592 corpori
1151 2548 1293 2585 innata
1321 2551 1395 2587 est.
1432 2550 1523 2586 aliis
1550 2550 1738 2587 similiter
1765 2554 1909 2596 posset

237 2610 448 2646 advenire.
500 2611 582 2647 Sed
610 2621 701 2647 cum
729 2612 770 2648 in
799 2612 878 2648 isto
907 2613 970 2653 sit,
999 2613 1110 2649 nullo
1133 2614 1256 2650 modo
1278 2614 1455 2659 amplius
1478 2615 1517 2651 in
1537 2616 1617 2651 alio
1640 2618 1778 2661 potest
1799 2626 1907 2652 esse.

237 2674 358 2711 Falsa
385 2675 523 2721 itaque
551 2677 726 2722 simplici
754 2678 978 2723 negatione
1007 2688 1108 2714 vera
1135 2681 1274 2724 potest
1307 2690 1404 2716 esse
1438 2681 1722 2717 determinata.
1775 2682 1907 2717 Veluti

238 2740 273 2776 si
300 2740 502 2777 dicamus:
541 2751 645 2779 ,eum
683 2742 751 2787 qui
787 2752 939 2779 caecus
978 2745 1053 2785 est,
1094 2754 1174 2780 non
1214 2747 1277 2780 est
1316 2746 1513 2790 possibile
1550 2747 1694 2782 videre
1735 2748 1798 2782 vel
1840 2748 1906 2791 qui

238 2806 422 2840 curtatus
440 2807 516 2845 est,
538 2815 620 2841 non
643 2808 707 2842 est
729 2807 926 2851 possibile
950 2808 1080 2853 pedes
1109 2809 1289 2846 habere.
1317 2809 1461 2845 falsum
1491 2812 1565 2846 est.
1619 2811 1658 2845 Si
1687 2821 1787 2846 vero
1816 2821 1906 2846 eum

385 2940 424 2971 10
451 2937 547 2979 cum]
575 2941 612 2971 ut
638 2940 664 2972 Α
792 2942 834 2973 26
863 2941 998 2974 liabent
1024 2943 1050 2974 A
1153 2944 1196 2974 :³9
1226 2944 1319 2983 pede
1347 2943 1386 2975 Α.

383 3008 391 3030 ¹
422 3009 472 3042 (Ὺ.
495 3017 617 3049 supra
640 3019 672 3049 p.
693 3010 756 3042 12⁸
771 3006 879 3040 2⁴⁸‘1‘l-
1018 3012 1032 3032 '-'
1056 3013 1110 3052 Cf.
1133 3022 1254 3053 snnra
1278 3014 1314 3044 iu
1339 3013 1485 3045 (nos-sis
1505 3023 1620 3054 super
1640 3015 1907 3055 Porphyrium,

240 3077 272 3109 p.
302 3067 392 3100 36³7.
516 3069 530 3089 ³
558 3069 704 3101 Boetli.
734 3069 775 3101 1η
805 3070 928 3109 Caley.
957 3071 977 3102 I.
1007 3080 1046 3107 e..
1076 3081 1107 3112 p.
1141 3070 1242 3104 16913
1369 3072 1376 3093 ⁸
1405 3073 1456 3104 (Ὺ.
1484 3082 1606 3114 supra
1635 3083 1667 3114 p.
1700 3074 1818 3107 12⁸¹⁴.

380 3127 394 3147 ·'·
423 3128 571 3160 l3oetl1.
601 3128 622 3160 I.
651 3138 689 3163 e..
719 3138 752 3169 p.
784 3130 848 3161 192
867 3125 909 3161 D.
1032 3130 1046 3149 ‘i
1074 3131 1222 3163 Boetli.
1251 3131 1273 3163 l.
1302 3142 1340 3166 c..
1370 3141 1401 3172 p.
1435 3133 1551 3164 17311.

1715 3182 1763 3213 (δ’

1937 1700 1959 1732 Γ.
1992 1700 2062 1732 18υ
