2200 3387
530 211 556 246 1.
587 210 650 246 [lle
678 214 833 246 Glossen
862 222 904 246 zu
934 213 1168 253 Porphyrius.
1200 232 1237 235 —
1270 214 1319 245 ΙΝ·
1347 215 1566 247 differentia.
1843 213 1886 247 77

217 308 334 351 Quod
358 311 391 346 si
415 311 544 356 ipsum
572 310 667 356 {hoc
689 310 770 356 est!
793 312 941 346 natura
960 310 1150 346 animalis
1173 311 1369 355 exigente
1386 311 1437 347 sit
1459 312 1672 350 rationale.
1696 312 1773 348 iam
1799 322 1887 357 pro-

216 376 326 412 fecto
362 386 458 412 esse
492 376 643 412 animal
682 378 745 411 est
773 379 917 417 (esse)
952 376 1166 414 rationale.
1208 376 1316 411 unde
1353 379 1393 411 et
1435 376 1541 413 illud.
1581 377 1690 422 quod
1732 377 1887 413 irratio-

218 441 429 477 nalitatem
456 441 590 481 habet,
614 441 618 484 Ι
643 440 767 476 etiam
796 441 1128 477 rationalitatem.
1157 450 1265 485 quae
1293 443 1388 476 sunt
1416 436 1636 477 contraria.

362 505 472 542 Haec
499 507 636 541 autem
667 504 1005 541 inconvenientia
1040 505 1348 550 Porphyrius
1383 506 1504 541 etiam
1544 507 1726 542 breviter
1759 508 1888 551 tangit

181 574 197 598 5
218 573 258 606 et
286 570 505 615 diligenter
532 569 732 606 dissolVIt.

358 635 467 672 Nam
497 635 646 670 amiel.
698 635 857 671 Dictum
887 638 951 671 est
979 635 1087 680 quod
1117 635 1282 680 species
1317 636 1500 671 abundat
1532 646 1556 672 a
1590 646 1747 682 genere
1776 638 1888 673 diffe-

215 701 359 739 rentia.
388 702 431 736 ut
458 700 581 736 homo
609 701 662 736 ab
689 701 855 736 animali
885 701 1074 736 rationali
1104 703 1144 736 et
1167 701 1339 739 mortali,
1362 701 1426 737 vel
1450 702 1558 746 quod
1581 702 1731 738 animal
1756 703 1886 747 ipsum

214 766 311 802 nihil
340 766 484 802 horum
513 768 588 801 est.
642 765 758 802 Unde
781 766 1035 810 relinquitur.
1064 766 1173 810 quod
1195 775 1327 811 genus
1355 766 1614 802 differentias
1644 777 1723 802 non
1754 768 1888 805 habet.

214 831 289 868 sed
317 832 473 867 tantum
503 831 668 876 species
696 831 822 867 habet
849 831 1107 867 differentias
1135 840 1160 866 a
1187 840 1354 875 genere,
1390 831 1468 867 hoc
1497 834 1560 867 est
1589 832 1655 870 ita.
1685 833 1793 877 quod
1822 842 1888 868 res

164 901 194 925 ¹0
215 897 304 942 ipsa
330 897 508 942 generis.
537 897 643 933 sicut
672 897 763 942 ipsa
790 897 1025 933 substantia
1052 896 1252 935 animalis.
1285 898 1345 932 est
1374 897 1468 933 inde
1496 907 1635 935 causa.
1664 907 1792 942 quare
1822 908 1888 934 res

214 962 370 1008 speciei
391 962 666 999 differentiam
690 963 853 998 habeat.
887 961 934 998 Et
948 972 1048 998 vere
1065 962 1230 1007 species
1247 962 1371 998 habet
1394 962 1652 998 differentias
1674 974 1697 999 a
1720 973 1888 1009 genere.

213 1028 309 1073 quia
330 1027 496 1064 aliunde
520 1037 600 1063 non
624 1030 759 1072 potest
781 1028 936 1064 habere
953 1028 1165 1063 destructa
1181 1027 1414 1063 substantia
1433 1028 1611 1073 generis.
1665 1029 1726 1064 Ab
1748 1029 1888 1064 imme-

213 1093 346 1129 diatis.
398 1092 445 1128 Et
480 1093 557 1129 hoc
594 1095 675 1128 est:
710 1092 817 1128 Nam
850 1093 961 1128 unde
989 1092 1189 1139 [aliunde]
1222 1093 1379 1137 spectes
1413 1094 1579 1129 leatwtn't
1617 1094 1887 1135 ιΙὶΓΓμννηΙὶακ,

213 1159 292 1195 nisi
318 1168 343 1195 a
369 1168 526 1204 genere
555 1158 724 1197 scilieet.
760 1168 809 1194 ac
843 1159 875 1194 si
903 1159 1077 1195 diceret:
1118 1158 1151 1194 A
1186 1158 1308 1194 nullo.
1361 1157 1521 1203 Quippe
1557 1159 1675 1195 liuius
1713 1162 1886 1195 naturae

163 1233 193 1256 1⁵
215 1224 478 1260 differentiae
502 1225 608 1263 sunt,
638 1223 746 1268 quod
769 1223 848 1259 nisi
870 1223 1038 1269 generis
1066 1223 1339 1259 substantiam
1363 1223 1481 1268 quasi
1503 1223 1732 1260 subiectam
1761 1226 1887 1260 mate-

212 1289 315 1326 riam
338 1289 531 1326 habeant.
560 1288 699 1324 inesse
730 1288 851 1324 alicui
884 1298 965 1324 non
988 1290 1172 1333 possunt.
1226 1289 1364 1333 Neque
1385 1289 1511 1324 enim.
1564 1288 1717 1334 Supple
1746 1291 1884 1325 extra:

212 1355 286 1391 sed
316 1355 463 1391 iterum
497 1364 522 1390 a
555 1363 711 1400 genere
750 1364 832 1390 non
869 1356 1045 1399 possunt
1078 1354 1234 1390 habere
1275 1354 1439 1398 species
1480 1354 1749 1393 differentias,
1789 1355 1886 1399 quia

212 1420 405 1456 videlicet
426 1429 558 1465 genus
578 1429 660 1455 non
684 1419 810 1455 habet
836 1428 921 1455 eas.
969 1419 1086 1460 Quod
1110 1419 1166 1455 ita
1193 1419 1392 1455 ostendit:
1430 1418 1470 1454 Si
1499 1428 1579 1455 non
1609 1419 1734 1455 habet
1761 1430 1886 1465 oppo-

210 1486 311 1522 sitas
333 1485 603 1523 differentias.
620 1486 717 1520 tunc
740 1494 821 1520 non
844 1485 969 1521 habet
991 1484 1261 1525 differentias,
1284 1484 1442 1520 scilicet
1463 1484 1694 1521 inferiores.
1733 1485 1765 1520 Α
1787 1487 1884 1521 toto.

156 1556 191 1582 ²0
212 1550 294 1587 Sed
322 1560 403 1587 non
442 1550 567 1587 habet
595 1550 820 1595 oppositas.
872 1549 919 1586 Et
952 1550 1030 1586 hoc
1064 1551 1144 1586 est:
1182 1549 1322 1594 Neque
1355 1550 1481 1585 enlm.
1534 1549 1580 1586 Et
1608 1550 1715 1586 lianc
1743 1560 1886 1586 rursus

211 1616 539 1661 assumptionem
567 1615 717 1661 probat
749 1615 822 1651 ita:
864 1615 904 1651 Si
941 1624 1024 1651 non
1061 1615 1186 1651 habet
1224 1615 1417 1660 opposita
1453 1615 1603 1660 aliqua,
1640 1625 1723 1651 non
1760 1616 1886 1651 habet

211 1681 426 1726 oppositas
455 1681 725 1717 differentias.
777 1679 824 1716 Et
851 1681 957 1716 hanc
984 1680 1132 1716 iterum
1168 1681 1317 1725 probat
1344 1681 1688 1725 consequentiam
1717 1691 1791 1725 per
1818 1681 1884 1717 de-

211 1746 480 1782 structionem
504 1745 802 1791 consequentis
832 1746 902 1782 ibi:
932 1746 1038 1781 Nam
1072 1746 1112 1781 ῐη
1142 1746 1285 1781 eodem
1315 1746 1447 1781 sinml
1475 1746 1642 1781 habebit
1670 1746 1885 1790 opposita,

211 1812 244 1847 si
285 1811 445 1848 scilicet
481 1811 740 1848 differentias
778 1811 993 1856 oppositas
1035 1812 1198 1847 habeat.
1262 1810 1481 1846 Conclusio
1510 1813 1574 1846 est
1613 1812 1743 1850 extra,
1781 1811 1884 1847 haec

155 1883 188 1908 2⁵
210 1876 368 1913 scilicet
395 1877 504 1922 quod
531 1886 664 1922 genus
692 1886 774 1912 non
803 1876 929 1912 habet
956 1876 1226 1912 differentias.
1278 1876 1358 1912 Sed
1388 1876 1752 1921 quemadmodum
1785 1886 1883 1921 pro-

209 1943 321 1978 bant.
380 1942 635 1978 Solutionem
669 1942 795 1987 ponit,
836 1951 911 1987 per
949 1951 1072 1986 quam
1106 1944 1324 1986 utrumque
1354 1941 1532 1977 vitemus
1568 1941 1883 1981 inconveniens,

209 2008 352 2044 dicens
370 2008 538 2047 scilicet.
555 2007 663 2053 quod
686 2007 838 2043 animal
861 2007 995 2052 ipsum
1016 2009 1223 2052 potestate
1236 2006 1421 2043 continet
1443 2007 1706 2043 differentias
1727 2017 1884 2049 (nunes,

209 2083 316 2118 quae
343 2074 420 2109 snt»
445 2083 488 2109 se
515 2075 621 2113 sunt,
650 2073 795 2109 scilicit
823 2073 1065 2111 diviSibiles.
1100 2075 1195 2108 actu
1225 2082 1321 2108 vero
1351 2072 1530 2108 nuttam.
1584 2072 1702 2113 Quod
1736 2073 1792 2109 ita
1819 2075 1884 2109 est

209 2138 539 2185 intelligendum:
567 2138 728 2174 Animal
757 2148 810 2174 ex
839 2147 889 2174 eo
918 2138 1026 2183 quod
1057 2140 1119 2174 est
1146 2138 1311 2176 animal,
1340 2138 1437 2173 nulli
1465 2138 1794 2174 differentiarum
1824 2148 1884 2174 re-

153 2213 188 2236 30
209 2206 375 2250 pugnat,
404 2205 478 2240 sed
507 2206 645 2240 tamen
674 2213 727 2239 ex
756 2214 806 2240 eo
834 2204 943 2248 quod
972 2205 1035 2240 est
1067 2203 1230 2242 animal.
1269 2212 1404 2248 neque
1441 2203 1548 2239 hanc
1585 2204 1710 2240 habet
1747 2213 1881 2248 neque

208 2269 330 2306 illam.
382 2269 500 2310 Quod
528 2271 666 2305 autem
695 2269 790 2305 dicit
818 2269 968 2305 animal
999 2270 1206 2314 potestate
1241 2268 1457 2304 continere
1493 2268 1761 2307 differentias.
1798 2271 1879 2305 tam

209 2335 260 2370 de
282 2344 332 2371 re
354 2334 455 2380 ipsa.
477 2335 587 2379 quod
608 2335 760 2370 animal
783 2336 857 2373 est.
886 2336 1024 2379 potest
1051 2334 1130 2370 dici
1152 2334 1216 2370 vel
1246 2333 1378 2378 accipi
1406 2343 1528 2379 quam
1558 2334 1608 2370 de
1635 2334 1881 2370 vocabulo

207 2400 408 2436 animalis.
460 2399 519 2435 De
547 2409 598 2435 re
626 2399 803 2444 quidem.
833 2402 875 2435 ut
902 2400 981 2436 iam
1005 2399 1195 2438 diximus.
1225 2399 1322 2444 quia
1349 2408 1402 2435 ex
1428 2408 1478 2435 eo
1501 2399 1609 2444 quod
1632 2399 1782 2435 animal
1806 2401 1880 2436 est.

207 2465 302 2501 nulli
330 2464 657 2501 differentiarum
686 2467 902 2511 repugnat.
937 2465 1060 2501 immo
1090 2465 1252 2510 utrique
1286 2464 1518 2509 aequaliter
1551 2465 1769 2500 consentit.
1822 2465 1881 2500 De

151 2539 186 2562 ³5
207 2530 453 2567 vocabulo
476 2530 600 2566 etiam
621 2530 689 2571 ita,
711 2531 820 2575 quod
843 2531 972 2575 ipsam
996 2540 1083 2566 rem
1106 2530 1337 2566 subiectam
1359 2539 1411 2565 ex
1434 2539 1485 2566 eo
1508 2530 1703 2568 nominat.
1726 2540 1779 2566 ex
1800 2540 1880 2575 quo

207 2595 303 2631 nulli
327 2596 655 2632 differentiarum
687 2597 902 2642 repugnat.
931 2598 1070 2632 tamen
1101 2596 1251 2631 nullam
1284 2595 1323 2631 in
1346 2597 1438 2631 actu
1462 2605 1564 2631 suae
1587 2595 1880 2631 nominationis

207 2662 330 2697 tenet.
362 2661 459 2705 quia
486 2661 643 2697 scilicet
675 2670 762 2697 rem
791 2661 1020 2697 subiectam
1050 2670 1185 2705 neque
1223 2660 1261 2696 in
1290 2669 1340 2696 eo
1379 2660 1574 2697 nominat.
1613 2661 1721 2705 quod
1759 2661 1880 2696 ratio—

207 2725 312 2761 nalis
347 2727 422 2767 est,
456 2736 592 2771 neque
621 2727 661 2762 in
689 2736 740 2763 eo
768 2727 876 2772 quod
916 2726 1181 2763 irrationalis,
1218 2726 1291 2761 sed
1329 2725 1569 2770 simpliciter
1605 2726 1643 2761 in
1681 2736 1731 2761 eo
1770 2726 1877 2770 quod

206 2792 268 2826 est
303 2791 467 2827 animal.
521 2792 574 2827 Αι·
599 2792 670 2834 sie,
703 2792 862 2828 scilicet
890 2802 964 2837 per
1000 2792 1121 2828 istam
1150 2791 1410 2828 solutionem.
1446 2792 1663 2835 utrumque
1700 2790 1878 2826 vitamus

152 2867 186 2891 ω
207 2855 520 2896 inconveniens.
548 2858 589 2892 et
615 2857 710 2893 illud
739 2857 899 2893 scilicet
926 2858 1033 2902 quod
1063 2856 1215 2901 aliquid
1244 2857 1408 2892 constet
1442 2866 1494 2891 ex
1532 2856 1668 2894 nihilo.
1707 2859 1747 2892 et
1784 2856 1878 2892 illud

207 2921 316 2966 quod
345 2921 539 2966 opposita
565 2922 699 2958 eidem
729 2922 864 2960 insint.
893 2922 931 2958 id
960 2924 1023 2958 est
1051 2921 1272 2958 contraria.

349 3009 387 3041 21
420 3007 471 3048 Sil
499 3008 538 3046 S;
566 3008 593 3041 A
696 3009 737 3040 24
778 3009 973 3041 Conclusio
1010 3011 1066 3041 est
1103 3010 1209 3041 extra
1247 3008 1338 3039 haec
1370 3007 1417 3044 Α-,ι
1454 3007 1733 3039 conclusionem
1772 3010 1879 3039 extra

206 3068 299 3100 hanc
326 3068 351 3100 A
455 3068 498 3100 25
527 3068 622 3108 quod
653 3068 699 3105 :¹2
727 3076 841 3108 quare
867 3068 891 3099 Λ
994 3068 1036 3100 32
1066 3068 1187 3107 potest
1215 3067 1271 3098 est
1299 3065 1338 3098 ,4,
1380 3074 1486 3105 quam
1517 3063 1575 3105 del
1605 3066 1689 3105 quid
1718 3066 1744 3098 A

349 3144 360 3166 1
387 3145 547 3182 Hoetu..
578 3145 618 3176 In
649 3145 785 3185 Por-pte.
814 3145 869 3176 ed.
899 3144 935 3180 ll.
965 3145 985 3176 Ι.
1015 3155 1054 3179 ι’..
1084 3154 1116 3184 p.
1146 3145 1211 3176 2⁴32
1228 3142 1252 3175 ⁷.

1916 447 1936 477 s.
1970 448 2044 477 111·
