2200 3387
353 236 398 271 52
764 239 871 272 Peter
897 240 1101 273 Abaelards
1129 240 1264 281 Logica
1290 240 1613 281 ,Ingredientibus‘.

355 336 691 380 praedicamenta
736 345 818 371 non
857 335 1013 371 habere
1063 336 1169 371 idem
1207 345 1349 381 genus,
1405 337 1501 381 quia
1539 337 1696 373 scilicet
1734 348 1816 374 non
1861 339 2015 375 habent

355 401 459 436 lianc
487 410 631 436 vocem
661 405 755 438 ,ens·
785 410 928 445 genus.
957 401 1007 436 de
1035 410 1115 445 quo
1143 401 1274 445 magis
1302 401 1524 442 videretur,
1552 411 1642 437 cum
1671 402 1828 438 scilicet
1855 403 1905 439 de
1933 413 2015 439 om-

355 466 473 501 nibus
511 465 783 510 praedicetur.
835 465 869 500 Α
906 465 1052 500 maiori
1089 465 1315 501 secundum
1343 465 1475 501 visum
1513 466 1579 502 vel
1617 476 1641 502 a
1676 466 1862 511 partibus
1898 468 2013 503 vocis

354 530 430 565 sic:
458 530 554 574 quia
578 539 712 574 neque
735 539 809 565 ens
830 539 965 574 neque
988 529 1109 565 aliam
1131 539 1288 565 vocem.
1341 529 1422 566 Sed
1444 531 1539 574 quia
1561 531 1610 566 de
1634 532 1728 566 ente
1751 531 1882 577 magis
1902 531 2015 568 vide-

354 595 483 632 batur.
517 594 773 630 demonstrat
799 594 941 629 dicens
969 594 1102 638 ipsum
1138 603 1220 629 non
1249 604 1345 630 esse
1373 603 1504 639 genus
1532 595 1713 630 omnium
1739 596 1828 637 <in>
1855 595 2014 640 praedi·
2033 603 2050 627 5

353 654 553 689 camentis
587 653 825 698 positorum.
877 652 995 692 Quod
1029 653 1165 688 statim
1193 653 1312 698 quasi
1350 663 1375 689 a
1412 653 1597 689 relativis
1637 654 1818 690 ostendit
1854 655 2013 690 dicens:

354 718 431 754 Ne(-
460 719 606 754 omnia
635 720 732 753 sunt
759 718 850 753 eius
868 718 1045 761 yenerz's,
1072 717 1298 754 secundum
1326 727 1449 753 unum
1474 718 1632 754 scilicet
1650 728 1795 764 genus,
1822 719 1879 755 ita
1904 720 2013 763 quod

354 793 476 819 unum
499 792 736 828 supremum
758 791 888 828 genus
909 783 1091 818 habeant
1112 782 1260 818 omnia.
1288 782 1362 818 Vel
1384 792 1409 818 a
1429 784 1514 818 toto
1537 784 1675 827 potest
1695 793 1790 819 esse
1812 784 2010 825 ostensio,

354 848 462 893 quod
489 857 564 883 ens
592 857 674 883 non
696 848 851 883 liabent
871 856 1088 883 commune
1109 856 1253 892 genus.
1281 847 1378 892 quia
1408 847 1516 883 nihil.
1568 847 1686 888 Quod
1717 848 1854 884 statim
1875 850 2014 885 aucto-

353 912 473 948 ritate
501 912 793 948 Aristotelis
821 913 968 956 probat
995 912 1154 947 dicens:
1191 912 1537 956 quemadmodum
1572 912 2012 949 dicit‘Aristoteles.
2035 919 2067 944 10

354 976 435 1013 Sed
469 977 604 1022 potius
639 979 737 1012 sunt
768 977 910 1021 posita
940 978 1015 1012 etc.
1066 976 1205 1012 Potius
1245 978 1339 1012 sunt
1379 977 1522 1013 decem
1561 986 1717 1022 genera
1755 977 2013 1014 diversorum

353 1051 475 1086 quam
492 1051 614 1077 unum
637 1042 828 1077 omnium.
863 1041 1029 1077 Dz'etum
1053 1043 1122 1082 est,
1143 1041 1183 1077 id
1205 1043 1269 1077 est
1289 1043 1501 1077 ostensum
1523 1043 1587 1077 est
1607 1050 1681 1086 per
1701 1042 2014 1078 instructionem

353 1114 406 1140 ex
440 1105 558 1140 dictis
585 1104 900 1144 Aristotelis,
935 1104 1002 1148 qui
1038 1106 1248 1148 tamquam
1284 1105 1448 1140 diversa
1484 1114 1641 1150 genera
1677 1105 1820 1141 decem
1856 1115 2013 1151 genera

353 1169 533 1205 omnium
561 1178 797 1205 sermonum
826 1168 1145 1213 significantium
1173 1169 1316 1213 aperit.
1368 1169 1445 1209 Qui
1473 1168 1597 1204 etiam
1624 1169 1664 1205 in
1691 1169 1759 1205 Ad
1786 1170 2012 1214 aliquid1‚

352 1234 421 1270 ubi
447 1234 626 1279 priorem
654 1233 936 1270 definitionem
965 1233 1157 1271 correxit,
1191 1233 1287 1278 quia
1323 1243 1376 1269 ex
1413 1243 1465 1269 ea
1500 1235 1752 1279 sequebatur
1786 1244 1854 1270 res
1890 1234 2011 1270 unius
2035 1240 2067 1265 15

353 1299 679 1344 praedicamenti
706 1298 883 1343 supponi
920 1298 1049 1339 alteri,
1084 1298 1389 1342 quodammodo
1422 1298 1648 1334 insinuavit
1683 1307 1737 1334 ex
1772 1299 2013 1336 diversitate

355 1365 529 1399 naturae
570 1373 713 1399 eorum
751 1363 916 1399 diversa
954 1362 1294 1407 praedicamenta
1329 1363 1380 1398 ad
1415 1373 1540 1398 unum
1576 1372 1708 1409 genus
1743 1373 1827 1399 non
1861 1363 2013 1405 reduci,

352 1429 427 1464 sed
453 1428 585 1474 magis
613 1438 666 1463 ex
703 1428 970 1472 inscriptione
1007 1427 1111 1463 tituli
1143 1436 1251 1471 quae
1285 1428 1350 1462 est
1386 1427 1436 1463 de
1473 1427 1616 1463 decem
1652 1427 2012 1472 praedicamentis,

351 1493 391 1529 id
419 1495 483 1529 est
509 1493 560 1529 de
593 1493 737 1528 decem
771 1492 913 1537 primis
949 1491 1184 1537 generibus.
1235 1492 1380 1527 Prima
1422 1492 1556 1527 decem
1593 1502 1760 1535 ymera.
1811 1492 2015 1537 Principia

354 1557 528 1593 aliorum
554 1557 764 1593 nominum
792 1557 918 1592 etiam
946 1557 1078 1601 prima
1105 1556 1294 1592 dicuntur
1329 1557 1434 1592 haec
1461 1557 1606 1592 decem
1637 1557 1805 1592 nomina
1839 1566 1913 1602 pro
1950 1565 2012 1599 eo,
2032 1563 2067 1588 ‘20

353 1622 449 1667 quia
470 1622 649 1658 omnium
673 1622 845 1658 aliorum
873 1622 955 1657 tam
983 1631 1183 1667 generum
1210 1631 1332 1666 quam
1360 1621 1591 1666 specierum
1620 1621 1946 1667 significationes
1971 1621 2013 1657 in

350 1687 414 1722 his
439 1687 583 1722 decem
604 1686 838 1722 nominibus
860 1686 1068 1731 incipiant.
1115 1685 1274 1731 Quippe
1295 1695 1446 1731 corpus
1466 1686 1545 1721 hoc
1566 1695 1717 1723 nomen
1737 1686 1846 1722 idem
1866 1695 2013 1731 propo-

350 1751 431 1787 suit
446 1751 555 1795 quod
577 1750 808 1787 substantia
823 1759 1037 1795 corporea,
1059 1750 1249 1786 animalis
1262 1760 1363 1786 vero
1382 1750 1492 1786 idem
1510 1750 1635 1786 sentit
1653 1750 1762 1795 quod
1779 1750 2013 1787 substantia

351 1824 554 1860 corporea
569 1815 752 1851 animata
767 1815 988 1856 sensibilis,
1010 1815 1133 1850 homo
1150 1816 1287 1850 autem
1307 1815 1415 1859 quod
1431 1815 1663 1851 substantia
1680 1815 1863 1851 animata
1883 1814 2012 1851 sensi·
2094 1858 2097 1861 ¹

350 1879 441 1915 bilis
461 1879 676 1915 rationalis
697 1879 892 1915 mortalis.
938 1878 990 1914 At
1004 1888 1105 1914 vero
1126 1879 1271 1914 horum
1294 1879 1438 1914 decem
1454 1879 1664 1914 nominum
1685 1878 2010 1923 significationes
2030 1893 2066 1919 25

349 1952 375 1979 a
395 1952 441 1979 se
467 1943 569 1988 ipsis
597 1944 692 1979 sunt
712 1952 790 1978 nec
808 1943 849 1978 in
870 1942 961 1978 aliis
981 1942 1215 1978 nominibus
1242 1951 1378 1986 neque
1400 1951 1468 1978 res
1496 1942 1666 1978 alterius
1692 1941 1869 1978 nominis
1896 1941 1937 1978 in
1963 1951 2010 1979 se

349 2009 502 2044 tenent.
554 2007 654 2043 Cum
674 2007 782 2043 enim
804 2017 879 2043 ens
901 2007 1160 2052 participium
1181 2006 1380 2043 inflexum
1407 2007 1458 2042 ab
1486 2008 1572 2049 ,est‘
1594 2007 1723 2043 verbo
1744 2005 2010 2044 Boethius-2

350 2073 469 2111 dicat,
517 2073 626 2108 unde
675 2074 838 2117 tempus
877 2071 1095 2117 significat,
1142 2073 1306 2116 oportet
1342 2081 1506 2117 quoque
1555 2071 1813 2108 substantiae
1857 2081 2009 2110 nomen

349 2136 599 2181 designaret.
627 2136 661 2171 si
686 2136 936 2172 sententiam
958 2135 1065 2171 entis
1086 2137 1258 2171 teneret.
1310 2134 1410 2171 Cum
1432 2144 1531 2180 ergo
1552 2135 1657 2171 haec
1678 2135 1822 2172 decem
1842 2135 2011 2173 nomina

348 2199 388 2235 in
416 2199 506 2235 aliis
527 2209 602 2244 per
623 2199 969 2244 significationem
990 2199 1151 2235 inclusa
1172 2199 1263 2240 sint,
1286 2199 1405 2243 quasi
1424 2198 1627 2244 principia
1645 2207 1787 2236 eorum
1809 2199 2008 2240 dicuntur,
2028 2217 2063 2242 30

348 2273 521 2309 quorum
547 2264 740 2300 videlicet
767 2273 917 2300 sensus
945 2264 1250 2308 quodammodo
1287 2263 1521 2304 conficiunt,
1558 2264 1599 2299 et
1634 2264 1777 2309 prima.
1813 2273 1904 2300 cum
1940 2263 2009 2301 ali-

347 2327 455 2362 unde
476 2327 568 2372 ipsa
589 2327 837 2363 sententiam
860 2336 942 2362 non
964 2327 1221 2363 contrahant.
1272 2327 1390 2362 Unde
1419 2336 1562 2363 eorum
1582 2326 1781 2363 refellitur
1801 2327 2008 2365 sententia

348 2392 415 2436 qui
442 2391 482 2427 in
511 2392 676 2427 nomine
705 2391 964 2427 substantiae
992 2391 1336 2437 generalissimae
1369 2391 1757 2436 susceptibilitatem
1784 2391 2009 2429 contrario-

347 2465 436 2491 rum
463 2456 605 2491 volunt
631 2456 873 2501 intelligere.
924 2455 1116 2501 Alioquin
1152 2456 1325 2501 primum
1353 2465 1436 2492 non
1469 2457 1584 2492 esset
1616 2456 1654 2491 in
1690 2455 2006 2501 significatione.

347 2520 462 2555 cuius
489 2519 736 2565 significatio
774 2520 939 2555 aliunde
977 2519 1265 2555 descenderet.
1325 2520 1389 2555 Vel
1420 2520 1458 2556 si
1495 2520 1654 2556 omnia.
1704 2519 1800 2555 Post
1834 2519 2008 2556 auctori-
2026 2533 2060 2558 35

345 2585 473 2620 tatem
500 2584 794 2620 Aristotelis
822 2584 1017 2629 supponit
1044 2584 1230 2620 eiusdem
1257 2584 1471 2623 rationem.
1505 2593 1633 2629 quare
1672 2594 1746 2621 ens
1773 2593 1856 2622 non
1892 2586 2006 2622 esset

345 2658 477 2693 genus
506 2648 679 2684 aliorum
712 2658 941 2690 commune,
976 2649 1136 2685 dicens:
1170 2649 1233 2685 vel
1266 2649 1418 2694 inquit,
1454 2649 1493 2685 id
1522 2650 1584 2684 est
1610 2648 1936 2689 Aristoteles,
1968 2648 2006 2687 Si

489 2752 529 2784 12
552 2750 675 2792 quam]
696 2752 791 2791 quod
815 2752 842 2784 A
902 2752 1036 2784 dictum
1062 2754 1118 2784 est
1145 2760 1216 2784 om.
1238 2752 1397 2790 Brandt,
1426 2752 1467 2784 cr.
1492 2761 1525 2784 n.
1550 2752 1593 2784 16
1666 2752 1702 2784 in
1729 2751 1953 2785 runctionem
1973 2750 2003 2785 A

347 2812 387 2842 14
417 2811 671 2851 significentur
695 2811 724 2842 A
855 2811 896 2842 22
924 2811 1145 2851 incipiantur
1169 2810 1198 2843 A
1227 2811 1269 2843 cf.
1294 2820 1332 2851 p.
1360 2812 1415 2849 55,
1445 2820 1474 2843 υ.
1503 2812 1524 2843 2
1633 2811 1676 2843 26
1704 2810 1762 2843 vel
1793 2816 1856 2842 res
1883 2818 2004 2851 neque

346 2869 495 2903 alterius
521 2869 551 2901 A
660 2870 702 2901 27
731 2870 836 2901 obest
861 2869 889 2902 A
1014 2870 1056 2901 32
1085 2867 1280 2908 sententia]
1309 2870 1430 2902 anima
1454 2869 1484 2901 A
1607 2870 1649 2901 33
1679 2869 1947 2910 generalissimi
1972 2868 2003 2902 A

345 2927 388 2959 36
417 2925 545 2967 quare]
574 2936 646 2968 qua
672 2928 703 2959 si
729 2927 758 2960 A
881 2925 962 2967 ens]
996 2928 1050 2960 eis
1076 2927 1103 2959 A
1228 2928 1270 2959 37
1298 2936 1524 2960 communem
1550 2927 1579 2960 A
1646 2927 1705 2960 vel
1732 2927 1767 2960 id
1799 2928 1856 2960 est
1887 2927 2004 2968 inquit

343 2986 561 3018 Aristoteles
588 2986 618 3018 A

484 3050 494 3071 ¹
524 3051 686 3089 Boeth„
714 3051 758 3083 In
787 3051 909 3091 Cales).
936 3051 1049 3084 Arist.
1077 3049 1134 3084 PL
1161 3053 1214 3092 64,
1244 3063 1277 3094 p.
1306 3054 1372 3087 235
1388 3052 1428 3088 Α.

484 3107 499 3131 2
525 3109 687 3147 Boeth„
714 3110 759 3142 In
786 3109 936 3151 Porph„
965 3111 1020 3143 ed.
1047 3111 1071 3143 I.
1098 3111 1120 3143 l.
1149 3121 1188 3149 c..
1215 3121 1249 3152 p.
1279 3114 1321 3145 74
1338 3112 1377 3146 ¹⁵.
