2200 3387
319 262 382 295 14:
716 263 823 295 Peter
849 263 1052 295 Abaelards
1080 263 1213 303 Logica
1241 261 1564 303 ,lng1·edientibus‘.

317 360 412 395 lium
441 360 548 404 quod
577 359 657 395 alia
686 360 825 404 prima.
854 359 933 395 alia
962 360 1156 396 secunda.
1190 360 1467 404 proprietates
1495 359 1748 405 singulorum
1777 360 1910 404 aperit
1937 360 1977 396 et

317 425 428 468 prius
451 425 631 460 ostendit
648 424 799 468 primas
822 424 1088 461 substantias,
1110 424 1148 459 id
1170 426 1234 460 est
1255 424 1520 469 particularia
1543 424 1710 459 nomina
1732 424 1978 460 substantia-

317 499 415 525 rum.
453 489 685 524 huiusmodi
714 498 809 525 0880
838 489 946 533 quod
974 498 1108 533 neque
1138 489 1326 524 dicuntur
1353 488 1404 524 de
1438 489 1624 524 subiecto
1653 498 1789 533 neque
1817 490 1911 524 sunt
1936 488 1977 524 in

316 552 513 589 subiecto.
542 553 638 597 quia
671 552 828 588 scilicet
855 562 990 596 neque
1018 554 1112 588 sunt
1140 552 1391 588 universalia
1418 552 1585 588 nomina
1612 552 1662 588 de
1696 552 1786 588 aliis
1813 552 1853 587 in
1887 553 1978 588 sub-

316 618 467 653 stantia
495 617 789 662 praedicabilia
816 626 951 661 neque
979 617 1266 653 substantialia
1298 617 1523 653 formarum
1557 617 1873 653 accidentalium
1909 626 1979 653 no-

316 683 425 717 mina
454 691 530 718 nec
558 683 609 718 ab
638 682 698 717 eis
726 683 898 727 sumpta.
950 682 1063 717 Haec
1090 684 1227 718 autem
1263 682 1446 718 ostensio
1484 681 1748 727 proprietatis
1785 683 1859 723 est,
1896 691 1978 718 non

316 747 517 786 definitio;
556 756 637 782 non
672 747 780 782 enim
808 747 912 782 haec
948 747 1203 782 rationalitas
1240 747 1306 782 vel
1338 747 1416 782 hoc
1452 746 1656 782 rationale
1692 747 1758 782 vel
1790 747 1867 782 hoc
1904 756 1978 782 ens

317 812 380 847 vel
402 811 466 847 hic
488 811 712 846 non-homo
735 811 812 846 1100
833 811 969 846 habet.
1016 810 1057 847 Si
1079 811 1169 855 quis
1191 812 1330 846 tamen
1352 811 1450 846 velit
1472 810 1753 846 definitionem
1777 810 1978 855 30010010,

317 878 479 921 repetat
507 876 764 911 substantiae
793 885 943 911 nomen
972 876 1134 911 dicens:
1164 876 1396 911 substantia
1422 876 1555 920 prima
1581 876 1646 911 081
1672 884 1722 911 03
1749 874 1980 911 substantia

317 950 424 985 quae
453 951 534 976 non
563 940 710 976 dicitur
737 941 787 976 de
815 940 1014 977 subiecto.
1052 942 1092 976 et
1125 941 1202 976 hoc
1238 941 1291 976 ad
1327 940 1609 976 definitionem
1648 940 1809 976 sufficit.
1861 939 1979 980 Quod

317 1008 453 1042 autem
483 1005 743 1050 supponitur:
773 1015 860 1043 ‚nec
889 1007 952 1041 est
979 1006 1017 1041 in
1047 1006 1256 1043 subiecto·¹
1286 1006 1335 1041 (10
1358 1005 1599 1041 definitione
1622 1015 1703 1040 non
1726 1006 1797 1046 est,
1826 1005 1900 1040 sed
1928 1005 1980 1040 ad

317 1071 513 1106 maiorem
543 1071 820 1116 cognitionem
849 1071 1006 1114 primae
1035 1071 1293 1106 substantiae
1316 1070 1570 1115 supponitur.
1622 1070 1705 1105 Has
1728 1079 1827 1105 vero
1850 1079 1978 1105 voces

318 1136 588 1181 particulares
616 1135 776 1170 tribus
805 1136 881 1170 hoc
902 1135 993 1170 1000
1015 1135 1248 1171 nominibus
1271 1135 1452 1179 appellat
1473 1136 1648 1171 eandem
1670 1134 1835 1179 penitus
1857 1134 1979 1180 signi-

316 1201 553 1236 ficationem
578 1200 830 1243 tenentibus;
858 1199 1099 1235 tantundem
1128 1200 1235 1235 enim
1258 1200 1297 1235 in
1320 1210 1446 1235 sensu
1468 1200 1579 1235 valet
1599 1200 1730 1244 prima
1750 1199 1980 1235 substantia

317 1267 513 1309 quantum
549 1264 751 1309 propria
779 1264 843 1298 vel
879 1263 1177 1308 principalis
1211 1263 1276 1299 vel
1314 1263 1534 1299 maxima.
1586 1263 1829 1299 Boethius
1867 1263 1977 1298 enim

322 1330 361 1365 in
404 1329 714 1365 Commentol
756 1328 944 1364 diversas
988 1328 1262 1373 impositionis
1308 1338 1457 1364 causas
1504 1329 1685 1364 annotat.
1748 1327 1979 1372 Proprias

319 1395 426 1430 enim
446 1394 541 1430 dicit
558 1404 630 1430 038
653 1394 877 1438 300011310,
900 1393 996 1438 quia
1018 1402 1071 1428 ex
1093 1393 1329 1439 cognitione
1347 1402 1487 1428 earum
1505 1393 1712 1428 secundas
1734 1392 1980 1438 colligimus;

319 1459 625 1504 principales
653 1468 766 1495 vero.
795 1458 891 1503 quia
918 1458 1049 1502 primo
1086 1458 1177 1493 loco
1214 1458 1446 1494 accidentia
1482 1458 1701 1502 recipiunt;
1738 1457 1980 1493 maximas

318 1526 466 1565 31110111,
495 1524 589 1568 quia
617 1524 796 1559 maxime
825 1524 1121 1567 supponuntur.
1173 1522 1255 1558 Sed
1283 1522 1489 1567 quomodo
1523 1523 1598 1558 1138
1626 1532 1777 1558 causas
1805 1522 1978 1558 vocibus

319 1591 516 1634 3010111118,
545 1589 769 1624 videndum
797 1590 870 1624 est.
923 1587 1138 1628 Quomodo
1168 1587 1277 1623 enim
1305 1597 1358 1623 ex
1380 1587 1615 1633 cognitione
1637 1596 1785 1623 vocum
1806 1586 1981 1632 particu-

318 1654 462 1690 larium
491 1653 754 1699 intelligimus
781 1652 1042 1688 universales
1070 1652 1226 1688 voces‘?
1278 1652 1359 1688 Sed
1385 1652 1463 1688 hoc
1491 1653 1683 1696 estquod
1705 1651 1846 1691 sensit,
1874 1651 1982 1696 quod

318 1728 385 1754 res
414 1720 456 1754 ut
483 1719 702 1755 discretae.
731 1717 956 1753 secundum
992 1718 1100 1761 quod
1135 1716 1421 1762 significantur
1455 1716 1770 1761 particularibus
1797 1716 1982 1757 vocibus,

318 1785 486 1819 nostrae
520 1793 565 1818 se
599 1783 791 1827 ingerunt
824 1782 1060 1827 cognitioni,
1099 1782 1167 1826 qui
1203 1791 1277 1826 per
1315 1791 1465 1817 sensus
1504 1791 1572 1817 res
1612 1781 1902 1826 cognoscimus
1943 1782 1983 1817 et

319 1849 430 1894 prius
446 1858 588 1884 earum
606 1848 857 1883 intellectum
874 1848 917 1882 ut
930 1847 1030 1888 <de>
1047 1847 1236 1882 discretis
1255 1847 1468 1887 habemus,
1484 1848 1632 1891 postea
1651 1846 1703 1882 ad
1723 1855 1982 1882 communem

319 1913 630 1959 intelligentiam
658 1922 733 1957 per
760 1912 1084 1948 abstractionem
1104 1912 1328 1947 formarum
1353 1913 1394 1947 et
1415 1911 1579 1947 abiecta
1599 1911 1809 1956 personali
1830 1911 1982 1947 discre—

318 1980 430 2015 tione
458 1978 733 2014 ascendimus.
785 1977 854 2013 Est
880 1977 1018 2021 itaque
1054 1977 1291 2012 universale
1329 1986 1381 2012 ex
1416 1977 1731 2021 particularibus
1768 1976 1980 2022 colligere:

318 2044 652 2089 praeiacentibus
667 2043 780 2087 prius
797 2042 1072 2078 intellectibus
1085 2042 1357 2078 (11801010111111
1370 2041 1421 2077 ad
1434 2042 1684 2077 intellectum
1697 2042 1981 2077 conscendere

318 2108 662 2145 convenientium.
724 2108 856 2143 Primo
891 2107 1014 2143 etiam
1053 2107 1144 2142 1000
1184 2106 1417 2142 3001ᾰο11113
1456 2106 1496 2141 111
1535 2106 1689 2151 01111138
1725 2105 1980 2142 substantias

319 2174 500 2210 veniunt.
528 2173 623 2217 quia
651 2172 931 2217 principaliter
957 2172 1232 2207 accidentalia
1260 2171 1427 2213 nomina
1461 2171 1521 2207 eis
1556 2172 1809 2216 copulantur,
1837 2180 1983 2207 secun-

319 2239 412 2275 dum
441 2239 480 2274 id
508 2238 666 2274 scilicet
694 2238 801 2282 quod
830 2237 961 2283 magis
989 2237 1040 2273 ad
1079 2236 1426 2282 significationem
1463 2236 1736 2272 accidentium
1772 2235 1984 2272 individua

320 2314 440 2349 quam
482 2303 736 2339 universalia
774 2302 992 2347 pertinent.
1057 2302 1205 2337 Audito
1246 2301 1353 2337 enim
1394 2301 1560 2337 nomine
1601 2300 1782 2337 Socratis
1821 2300 1983 2336 calvum

319 2369 525 2414 quendam
561 2367 743 2412 intelligo
772 2377 849 2403 nec
877 2376 929 2402 ex
956 2367 996 2401 vi
1023 2368 1162 2402 tamen
1189 2366 1305 2402 vocis
1334 2365 1512 2410 proprie,
1549 2366 1623 2401 sed
1651 2375 1704 2401 ex
1732 2365 1982 2401 discretione

319 2433 389 2468 101.
430 2432 607 2468 Maxime
624 2441 724 2467 vero
741 2432 1028 2475 supponuntur
1043 2431 1123 2465 tam
1141 2429 1424 2474 superioribus
1440 2429 1527 2465 suis
1539 2439 1615 2474 per
1629 2429 1982 2474 praedicationem

319 2507 443 2542 quam
471 2497 756 2533 accidentibus
789 2505 864 2541 per
896 2495 1192 2531 fundationem.
1245 2494 1357 2530 Sicut
1392 2494 1501 2530 enim
1537 2503 1605 2529 res
1642 2493 1807 2539 proprie
1846 2502 1982 2529 rerum

319 2563 589 2598 fundamenta
628 2561 826 2601 dicuntur,
866 2561 923 2596 ita
956 2570 1084 2595 voces
1122 2560 1326 2604 quaedam
1368 2559 1539 2594 aliarum
1579 2559 1807 2595 secundum
1846 2567 1982 2594 rerum

320 2627 642 2672 significatarum
671 2628 871 2661 naturam.

462 2690 527 2727 Sic
553 2692 663 2735 lege:
697 2690 945 2726 Substantia
973 2699 1083 2734 quae
1110 2689 1277 2731 cl'e’citur,
1310 2689 1349 2724 id
1377 2690 1441 2725 est
1468 2689 1633 2734 proprie
1661 2688 1868 2733 profertur
1895 2689 1982 2729 etc„

320 2757 358 2792 id
387 2759 450 2792 est
477 2766 583 2801 quae
612 2756 782 2800 primam
811 2757 852 2790 et
877 2754 1146 2799 principalem
1185 2754 1526 2799 significationem
1566 2754 1822 2789 substantiae
1859 2754 1982 2794 tenet,

323 2824 386 2857 081
414 2831 465 2856 03
491 2831 574 2856 vox
601 2829 708 2864 quae
736 2829 872 2864 neque
900 2819 1047 2854 dicitur
1074 2820 1162 2859 etc„
1200 2821 1243 2854 ut
1271 2819 1433 2863 aliquis
1459 2820 1600 2860 homo,
1637 2818 1676 2854 id
1714 2818 1778 2854 est
1810 2818 1983 2863 particu-

320 2887 405 2921 lare
434 2895 584 2921 nomen
619 2885 791 2920 alicuius
825 2884 1012 2919 hominis.
1064 2884 1279 2919 AS'ec'undae
1305 2885 1460 2919 (cutem.
1513 2882 1694 2919 Ostensa
1728 2882 1982 2927 proprietate

320 2950 542 2995 primarum
570 2949 750 2985 ostendit
778 2948 984 2985 secundas
1012 2948 1156 2983 dicens
1184 2948 1390 2984 secundas
1419 2947 1674 2983 substantias
1699 2956 1795 2983 0880
1818 2946 1982 2991 8000108

462 3066 519 3096 4-:3
548 3062 818 3103 substantialia]
846 3063 1051 3095 substantia
1080 3062 1108 3094 A
1212 3064 1250 3094 17
1279 3064 1442 3095 secunda
1468 3063 1496 3094 A
1598 3063 1640 3094 40
1667 3062 1829 3094 secunda
1859 3061 1884 3092 A

463 3134 471 3155 ¹
503 3135 650 3166 Hoeth.
680 3135 700 3166 l.
730 3144 768 3171 0,,
798 3144 830 3175 0,
862 3136 925 3166 182
943 3134 978 3166 C.

2001 948 2035 974 10

2000 1271 2032 1296 15

2000 1594 2036 1620 20

2002 1917 2036 1942 25

2003 2246 2037 2271 30

2002 2569 2037 2593 35

2002 2894 2036 2918 40
