2200 3387
279 224 324 266 36
696 233 802 266 Peter
828 226 1031 266 Abaelards
1059 233 1193 274 Logica
1220 227 1541 274 ‚Ingredientibus·.

279 330 429 366 factam
446 339 520 374 per
542 329 671 374 ,quid⁴,
693 339 774 365 non
790 339 865 374 per
886 330 999 375 ,quis‘
1016 330 1081 366 vel
1104 336 1232 375 ‚quae‘
1255 330 1321 366 vel
1343 329 1487 375 ‚quod·,
1504 339 1610 375 quae
1626 330 1758 376 magis
1773 330 1942 376 propria

280 395 446 430 nomina
468 395 690 439 requirunt,
713 395 778 430 vel
800 403 875 439 per
902 395 1044 439 ,quale‘
1073 395 1138 431 vel
1161 395 1379 439 ,quomodo
1401 403 1447 431 se
1467 395 1615 436 habet,
1643 403 1750 440 quae
1777 396 1942 441 sumpta

279 462 436 495 tantum
464 459 668 495 vocabula
695 459 876 505 exigunt,
904 461 947 495 ut
973 459 1188 499 rationale,
1217 460 1364 500 album,
1393 459 1522 500 sedet,
1550 459 1668 495 iacet.

421 522 525 563 Quid
565 524 701 559 autem
743 523 805 564 sit,
845 523 954 567 quod
994 523 1258 568 praedicatur
1297 523 1347 559 de
1387 523 1581 568 pluribus,
1620 523 1660 559 in
1700 522 1941 561 definitione

279 586 528 622 universalis
556 586 775 632 diligenter
801 586 1012 631 superius¹
1042 588 1106 623 est
1133 586 1383 631 expeditum,
1420 586 1460 622 id
1496 588 1561 622 est
1595 595 1690 622 esse
1726 586 1822 623 illud
1857 588 1940 623 tam
1961 595 1976 620 ⁵

278 661 380 688 voce
414 661 536 696 quam
564 661 690 687 sensu
719 651 906 696 simplex,
941 652 1050 696 quod
1083 651 1219 687 habile
1248 653 1311 687 est
1338 661 1392 687 ex
1418 651 1678 697 impositione
1706 651 1874 696 propria
1901 653 1942 688 et

278 719 426 753 natura
459 716 738 752 subiectarum
775 725 911 752 rerum
948 716 999 752 ad
1028 716 1325 752 enuntiandum
1363 716 1569 752 veraciter
1601 716 1650 752 de
1684 716 1867 762 pluribus
1899 716 1939 753 in

276 781 560 818 nominatione
588 781 859 817 diversorum.

419 846 632 891 Sequitur:
679 846 969 882 differentibus
1005 847 1151 891 specie.
1215 846 1327 882 Sicut
1371 848 1456 882 tres
1500 855 1638 882 rerum
1680 846 1941 883 differentiae

277 912 595 948 considerantur
621 912 846 947 secundum
873 913 1063 948 naturam
1091 911 1349 947 substantiae
1377 920 1531 953 eorum,
1552 911 1660 956 quod
1687 911 1845 948 scilicet
1871 920 1941 948 na·
1962 919 1995 945 ιο

277 977 463 1014 turaliter
489 977 555 1012 vel
582 986 737 1022 genere
765 976 960 1012 differunt
986 977 1052 1012 vel
1080 976 1220 1021 specie
1247 976 1313 1012 vel
1340 986 1525 1018 numerO,
1561 976 1619 1013 ita
1654 976 1777 1012 etiam
1814 976 1941 1012 nomi-

277 1052 373 1078 num
401 1042 628 1078 secundum
657 1041 936 1077 subiectarum
963 1051 1100 1077 rerum
1134 1043 1322 1077 naturam
1356 1042 1441 1078 tres
1476 1043 1570 1077 sunt
1602 1041 1864 1078 differentiae
1899 1041 1940 1077 in

277 1116 326 1143 eo
363 1106 532 1145 scilicet,
567 1105 676 1150 quod
709 1105 814 1142 haec
848 1105 1083 1152 significant
1118 1115 1186 1141 res
1222 1106 1465 1142 naturaliter
1500 1106 1677 1142 diversis
1716 1106 1940 1152 generibus

277 1172 504 1212 distinctas,
543 1180 593 1207 eo
627 1170 785 1207 scilicet
811 1170 920 1215 quod
957 1170 997 1206 in
1035 1180 1080 1206 se
1114 1170 1297 1206 habeant
1329 1172 1520 1207 naturam
1555 1171 1677 1212 illam,
1712 1171 1939 1207 secundum

277 1246 398 1282 quam
426 1236 640 1282 generalia
666 1237 838 1280 possunt
864 1235 925 1271 eis
953 1235 1087 1280 aptari
1107 1235 1322 1277 vocabula,
1349 1235 1417 1272 illa
1437 1244 1537 1272 vero
1559 1236 1845 1272 demonstrant
1870 1244 1939 1272 res
1962 1247 1994 1272 15

275 1301 517 1338 naturaliter
537 1301 714 1337 diversis
743 1300 964 1346 speciebus
985 1300 1206 1342 subiectas,
1235 1300 1315 1337 alia
1338 1310 1406 1337 res
1428 1301 1705 1346 personaliter
1725 1300 1940 1342 discretas,

276 1366 385 1412 quod
413 1368 477 1402 est
504 1365 671 1402 differre
698 1375 882 1402 numero.
933 1365 1053 1402 Unde
1081 1366 1220 1402 omnia
1247 1365 1287 1402 in
1315 1366 1665 1411 computationem
1691 1365 1851 1402 numeri
1877 1374 1940 1402 se-

275 1432 454 1468 cundum
482 1431 747 1476 personalem
774 1430 1069 1467 discretionem
1093 1431 1275 1473 veniunt,
1304 1440 1394 1467 cum
1417 1431 1564 1467 dicitur
1589 1440 1706 1472 unus,
1728 1431 1821 1472 duo,
1841 1432 1939 1467 tres.

274 1496 359 1533 Etsi
394 1497 501 1533 enirn
535 1496 730 1533 Socrates
768 1496 945 1532 diversis
982 1497 1034 1532 sit
1065 1496 1207 1533 formis
1247 1499 1486 1542 occupatus,
1526 1497 1622 1542 quia
1660 1506 1742 1533 una
1780 1497 1938 1533 tantum

274 1562 551 1607 personaliter
578 1562 811 1598 substantia
837 1563 1064 1606 permanet,
1092 1562 1202 1598 nullo
1229 1562 1351 1598 modo
1378 1562 1511 1607 ipsum
1532 1563 1690 1598 tantum
1711 1561 1939 1598 secundum
1958 1570 1994 1597 20

278 1636 580 1672 quamcumque
607 1628 797 1663 naturam
825 1628 895 1662 aut
926 1627 1222 1672 proprietatem
1258 1626 1535 1668 attendentes,
1571 1636 1689 1668 unus,
1725 1626 1819 1668 duo,
1854 1628 1940 1663 tres

273 1692 457 1728 dicimus.

416 1757 458 1793 In
486 1757 581 1802 quid
608 1766 709 1793 vero
736 1756 903 1801 proprie
926 1765 977 1793 ea
997 1757 1088 1792 sola
1105 1756 1332 1792 redduntur
1352 1756 1609 1793 substantiae
1629 1756 1809 1798 nomina,
1831 1765 1938 1801 quae

273 1822 314 1858 in
342 1822 529 1868 generali
556 1823 622 1858 vel
649 1821 822 1866 speciali
849 1823 959 1857 statu
984 1831 1054 1857 res
1088 1821 1298 1858 subiectas
1331 1821 1552 1867 appellant.
1602 1820 1721 1857 Unde
1757 1820 1937 1857 maxime

273 1888 325 1923 ad
353 1889 543 1923 naturam
571 1886 689 1932 ,quid‘
718 1886 908 1931 pertinet,
935 1887 976 1922 id
1003 1888 1068 1922 est
1094 1886 1338 1923 naturaliter
1362 1887 1582 1923 multorum
1603 1885 1937 1922 convenientiam
1957 1894 1992 1919 25

272 1952 577 1997 requirendam,
606 1952 719 1996 ,quis‘
748 1960 848 1987 vero
876 1952 942 1987 vel
969 1955 1098 1996 ‚quae‘
1127 1951 1194 1987 vel
1222 1952 1353 1996 ,quod‘
1381 1951 1435 1988 ad
1461 1960 1696 1996 personam.

415 2017 533 2058 Quod
548 2019 685 2053 autem
709 2016 891 2062 opponi
913 2017 1019 2053 solet
1036 2016 1249 2052 individua
1270 2025 1434 2061 quoque
1455 2015 1659 2061 quaedam
1681 2016 1732 2052 de
1752 2015 1936 2061 pluribus

272 2082 515 2128 praedicari,
532 2092 624 2118 cum
639 2082 802 2118 dicitur:
830 2082 909 2118 hoc
928 2081 1243 2127 grammaticum
1259 2083 1322 2118 est
1336 2080 1542 2124 Socrates,
1564 2081 1643 2117 hoc
1656 2080 1858 2117 musicum
1873 2081 1938 2117 est

273 2147 479 2188 Socrates,
507 2149 714 2183 cassatum
742 2148 806 2183 est
838 2156 913 2192 per
948 2146 1203 2192 aptationem
1235 2146 1356 2188 illam,
1391 2156 1472 2191 qua
1503 2146 1709 2182 vocabula
1743 2146 1861 2191 plura
1894 2145 1935 2181 in

271 2213 554 2248 nominatione
568 2212 964 2248 determinavimus2.
999 2211 1159 2257 Quippe
1175 2212 1280 2248 haec
1294 2211 1566 2258 grammatica
1580 2212 1621 2247 et
1634 2211 1713 2247 hoc
1733 2210 1934 2247 musicum
1955 2225 1990 2250 30

272 2277 457 2314 eiusdem
484 2277 648 2322 penitus
675 2278 770 2313 sunt
796 2277 974 2313 nomina.

412 2342 511 2378 Illud
538 2351 714 2387 quoque,
742 2342 851 2387 quod
879 2341 1165 2387 opponitur:
1201 2341 1307 2378 haec
1333 2341 1482 2378 albedo
1511 2342 1575 2378 est
1600 2341 1679 2377 hoc
1705 2341 1861 2377 clarum
1896 2341 1937 2377 et

272 2406 350 2442 hoc
378 2416 528 2451 corpus
557 2407 621 2442 est
647 2406 725 2441 hoc
754 2406 920 2446 clarum,
947 2406 987 2441 id
1015 2407 1078 2441 est
1110 2406 1352 2441 sustentans
1387 2405 1495 2442 hanc
1531 2405 1771 2445 claritatem,
1808 2404 1848 2441 in
1884 2413 1935 2440 eo

272 2471 481 2512 refellitur,
499 2471 607 2515 quod
622 2471 701 2506 hoc
716 2471 882 2511 clarum,
898 2470 933 2507 si
947 2480 1021 2516 pro
1043 2471 1364 2507 sustentante
1385 2470 1613 2506 claritatem
1627 2469 1837 2515 accipitur,
1852 2479 1935 2505 non

273 2538 338 2572 est
363 2536 471 2572 idem
499 2536 539 2572 in
567 2535 872 2582 significatione
900 2535 1146 2572 vocabulum
1180 2545 1272 2571 cum
1306 2544 1356 2571 eo
1391 2535 1499 2580 quod
1535 2534 1630 2571 huic
1665 2534 1845 2571 albedini
1881 2543 1934 2570 ex
1953 2548 1989 2575 35

272 2601 459 2637 claritate
488 2610 580 2637 eam
615 2601 915 2636 informante
949 2600 1155 2642 convenit,
1190 2600 1296 2636 sicut
1321 2609 1400 2636 nec
1426 2609 1578 2636 nomen
1605 2599 1800 2641 Socratis,
1828 2608 1935 2645 quae

271 2666 322 2702 de
351 2666 526 2702 diversis
563 2666 793 2711 aequivoce
833 2665 1032 2701 dicuntur.
1083 2665 1308 2701 Praeterea
1340 2665 1493 2701 nullum
1520 2664 1777 2701 accidentale
1813 2673 1935 2700 voca-

270 2730 409 2766 bulum
449 2731 676 2766 secundum
717 2730 1164 2771 sustentationem,
1216 2729 1290 2766 sed
1329 2731 1486 2766 tantum
1530 2729 1933 2766 informationem

271 2795 505 2841 praedicari
531 2795 732 2835 volumus,
767 2795 872 2831 sicut
904 2794 944 2830 in
970 2793 1382 2831 Praedicamento
1410 2794 1731 2831 substantiae
1767 2794 1934 2830 demon-

413 2922 428 2953 1
460 2921 555 2962 quod
582 2922 720 2962 scripsi
745 2922 788 2955 cs.
816 2922 921 2954 infra
953 2930 986 2954 v.
1014 2921 1060 2954 26
1096 2921 1181 2961 quid
1207 2920 1267 2953 AL
1404 2921 1423 2953 4
1453 2921 1538 2961 quid
1565 2918 1701 2960 autem]
1729 2920 1875 2961 quidam
1900 2919 1932 2952 A

271 2981 312 3012 14
341 2989 404 3012 eos
425 2980 455 3012 A
555 2981 596 3012 17
624 2982 843 3021 computone
863 2980 893 3012 A
994 2980 1036 3013 29
1065 2989 1136 3020 que
1159 2979 1187 3012 A
1285 2980 1329 3011 33
1351 2981 1500 3012 sustans
1519 2979 1550 3012 A
1649 2979 1692 3012 35
1712 2979 1882 3012 albedine
1900 2977 1932 3011 A

269 3039 313 3071 36
342 3037 438 3078 eam]
465 3041 509 3071 ca
534 3039 564 3071 A

411 3102 422 3124 ¹
450 3112 485 3144 p.
514 3102 601 3136 1628
721 3102 736 3125 2
762 3113 796 3144 p.
825 3105 867 3136 17
883 3099 980 3136 7-11.
