2200 3387
198 897 232 923 10

197 1225 231 1252 15

190 2211 225 2237 ³0

616 213 643 244 1.
673 212 737 244 Die
765 212 920 243 Glosson
948 219 990 242 zu
1022 210 1255 249 Porphyrius.
1285 227 1301 230 Α
1356 208 1407 241 De
1436 216 1584 249 genere.
1884 205 1929 240 39

398 306 439 343 Si
467 308 559 353 quis
587 311 725 345 autem
754 309 929 354 quaerat
957 307 1007 343 de
1035 306 1309 352 generalitate
1338 308 1378 341 et
1408 306 1666 351 specialitate
1701 308 1741 341 et
1776 306 1928 341 ceteris

256 370 542 408 accidentibus
570 382 729 411 vocum.
758 372 965 418 quomodo
994 371 1034 406 in
1062 370 1122 406 eis
1155 370 1395 409 subsistant.
1429 379 1520 406 cum
1556 370 1671 414 ipsae
1701 379 1827 405 voces
1861 378 1928 405 res

257 438 553 480 permanentes
582 447 662 473 non
691 437 784 475 sint.
812 436 1129 473 animadvertat.
1158 434 1267 479 quod
1302 443 1447 470 omnes
1480 443 1606 469 sensu
1643 434 1732 479 ipso
1767 434 1929 479 experi-

256 510 346 537 mur
373 511 510 541 voces.
539 502 697 539 scilicet
724 512 776 539 ex
805 501 990 547 pluribus
1018 500 1236 537 elementis
1273 499 1539 544 compositas.
1577 509 1798 544 numquam
1829 508 1927 535 vere

255 565 486 603 subsistere
514 576 591 604 nec
619 577 720 604 vera
746 567 980 604 accidentia
1007 566 1045 602 in
1075 574 1120 601 se
1148 566 1316 605 habere.
1351 565 1425 601 sed
1460 565 1565 601 sicut
1598 575 1765 610 semper
1799 567 1928 601 atten-

256 631 407 668 duntur
434 642 561 669 voces
592 633 837 671 existentes.
875 633 1094 678 postquam
1129 632 1224 666 sunt
1257 630 1387 666 semel
1426 630 1656 675 impositae,
1693 630 1749 666 ita
1785 640 1926 666 earum

255 697 544 742 proprietates.
573 698 690 743 quasi
718 707 817 735 vere
845 698 1038 735 existant.
1067 697 1312 743 cogitantur.
1347 695 1453 732 sicut
1489 698 1529 731 et
1556 695 1644 731 dies
1680 696 1745 731 vel
1780 705 1925 735 annus.

254 769 362 806 quae
383 762 607 798 continuae
629 762 883 807 quantitates
909 761 1110 799 dicuntur.
1138 770 1246 806 quae
1269 762 1408 796 tamen
1431 769 1652 804 numquam
1676 768 1776 795 vere
1798 760 1928 795 subsi-

253 827 375 862 stunt.
428 826 513 863 Nisi
541 827 649 863 enim
679 829 722 864 ut
748 827 975 864 existentia
995 827 1270 867 sumerentur,
1299 825 1409 861 nulla
1431 825 1481 861 de
1505 825 1565 861 eis
1588 825 1776 861 doctrina
1797 824 1928 861 fieret.

397 891 554 928 Eorum
585 893 711 929 enim.
764 892 956 929 Ostendit
982 892 1078 938 quid
1107 892 1296 938 singulae
1330 890 1593 927 differentiae
1628 892 1855 936 operentur
1887 891 1926 926 in

252 957 495 994 definitione
516 958 694 1004 generis,
716 968 765 995 ac
787 958 821 995 si
843 958 1018 994 diceret:
1054 957 1168 993 Bene
1191 957 1370 1002 apposui
1393 956 1638 1002 ,praedicari
1659 956 1709 992 de
1732 957 1926 1001 pluribus·

252 1022 303 1059 ad
331 1023 608 1060 differentiam
637 1024 908 1069 quorundam.
943 1023 1039 1069 quia
1073 1023 1232 1059 scilicet
1267 1032 1319 1058 ea
1355 1031 1463 1067 quae
1503 1022 1807 1067 praedicantur,
1845 1022 1927 1058 alia

251 1088 303 1125 de
324 1098 406 1125 uno
427 1089 516 1125 solo
539 1091 615 1126 etc.
666 1089 715 1126 Et
734 1091 846 1132 <est>
873 1089 1050 1126 redditio
1078 1097 1245 1125 causae.
1303 1088 1349 1124 Ut
1376 1088 1570 1124 Socrates
1602 1090 1638 1124 et
1667 1088 1734 1124 hic·
1767 1090 1804 1123 et
1838 1089 1924 1123 hoe.

252 1153 337 1193 ‚Hic
364 1156 405 1191 et
431 1154 521 1191 hoc·
549 1165 623 1200 pro
651 1155 904 1200 quibuslibet
930 1154 1022 1191 aliis
1057 1154 1097 1190 in
1131 1154 1310 1190 diversis
1348 1153 1474 1199 ponit,
1507 1163 1557 1189 ac
1590 1153 1622 1189 si
1652 1153 1826 1196 diceret;
1861 1153 1926 1189 hic

251 1219 366 1265 lapis,
393 1220 473 1256 hoc
499 1230 662 1266 corpus.
714 1221 837 1257 Nota
863 1222 1002 1257 tamen
1031 1220 1142 1265 quod
1169 1220 1204 1256 si
1232 1228 1368 1264 neque
1396 1229 1548 1264 corpus
1583 1228 1718 1265 neque
1746 1219 1925 1265 lapidem

250 1285 418 1332 adiungi
445 1285 653 1333 intelligas
681 1285 995 1331 pronominibus
1024 1286 1090 1322 vel
1124 1285 1291 1330 aliquod
1325 1285 1435 1321 aliud
1469 1294 1633 1324 nomen.
1668 1285 1760 1331 ipsa
1786 1286 1924 1321 tamen

251 1351 499 1396 pronomina
525 1351 751 1389 discretiva
778 1354 874 1388 sunt
901 1361 1069 1396 semper
1093 1353 1135 1387 et
1162 1351 1414 1396 personalia.
1442 1350 1538 1387 licet
1558 1350 1712 1386 nullam
1734 1351 1924 1386 naturam

251 1416 316 1452 vel
343 1417 642 1462 proprietatem
669 1417 959 1454 determinent.
1010 1416 1146 1453 Veluti
1173 1426 1266 1452 cum
1294 1416 1403 1452 dico:
1435 1425 1538 1462 ,ego.
1579 1416 1668 1455 hic‘.
1702 1416 1925 1462 singularis

250 1483 346 1518 sunt
366 1482 696 1529 significationis.
723 1483 873 1519 nullius
888 1484 1028 1519 tamen
1051 1482 1279 1527 superioris
1299 1482 1466 1527 proprie
1489 1481 1702 1518 individua
1724 1481 1924 1520 dicuntur.

251 1547 346 1592 quia
372 1556 426 1584 ex
454 1548 544 1584 sola
572 1548 825 1585 discretione
853 1548 1024 1585 inventa
1051 1549 1146 1584 sunt
1173 1549 1215 1584 et
1238 1557 1377 1584 meras
1397 1547 1635 1594 significant
1655 1547 1924 1587 substantias.

249 1622 422 1659 quarum
452 1614 605 1650 nullam
632 1615 823 1650 naturam
850 1614 918 1650 vel
945 1613 1245 1659 proprietatem
1272 1613 1564 1653 determinant,
1599 1613 1697 1658 quia
1730 1613 1815 1653 ‚hic‘
1850 1622 1926 1658 per

249 1687 296 1715 se
324 1678 474 1716 dictum
505 1688 641 1725 neque
669 1679 766 1716 dicit
800 1679 916 1720 ‚haec
943 1679 1188 1716 substantia‘
1224 1688 1361 1724 neque
1397 1678 1473 1720 ‚hic
1505 1679 1640 1715 homo*
1669 1687 1806 1724 neque
1835 1678 1925 1718 ‚hoc

249 1744 464 1781 rationale·
493 1745 558 1781 vel
586 1745 677 1786 ‚hoc
703 1745 864 1784 album‘.
893 1745 968 1782 sed
995 1744 1238 1790 simpliciter
1262 1744 1491 1781 secundum
1519 1744 1813 1781 discretionem
1835 1754 1923 1789 per-

249 1810 437 1846 sonalem
470 1809 684 1846 inventum
719 1812 792 1847 est.
844 1810 964 1847 Unde
1002 1819 1055 1846 ex
1092 1811 1179 1846 toto
1206 1819 1310 1855 pura
1343 1818 1398 1846 ex
1425 1809 1464 1846 vi
1492 1809 1608 1846 vocis
1645 1811 1740 1846 sunt
1775 1819 1924 1855 prono-

249 1875 360 1911 mina
387 1877 428 1911 et
454 1875 594 1921 priora
620 1875 928 1921 quodammodo
964 1875 1209 1912 naturaliter
1241 1875 1281 1912 in
1314 1875 1621 1921 significatione
1659 1876 1810 1912 ceteris
1839 1886 1923 1912 ser-

246 1940 450 1977 monibus.

389 2006 530 2048 Nota,
551 2016 645 2043 cum
663 2007 720 2043 ait
735 2006 950 2044 Socratem
973 2007 1208 2053 praedicari
1227 2007 1279 2044 de
1300 2017 1383 2044 uno
1403 2008 1505 2047 solo.
1527 2008 1693 2054 quidam
1715 2010 1922 2054 sumptum

247 2072 391 2108 volunt
417 2071 590 2118 intelligi
622 2081 648 2108 a
681 2072 936 2110 socratitate.
973 2082 1049 2118 pro
1082 2082 1133 2109 eo
1171 2072 1331 2109 scilicet
1357 2073 1467 2118 quod
1503 2073 1560 2109 ait
1586 2074 1922 2111 Aristoteles1

244 2147 270 2174 a
296 2137 430 2183 prima
450 2137 685 2175 substantia
706 2138 860 2175 nullam
879 2148 977 2175 esse
998 2138 1368 2184 praedicationem.
1415 2138 1497 2175 Sed
1519 2139 1707 2185 profecto
1729 2140 1784 2176 ibi
1804 2150 1923 2185 prae-

245 2202 497 2240 dicationem
517 2203 680 2249 accepit
698 2203 1137 2249 praedicamentalem.
1153 2205 1197 2240 ut
1213 2204 1264 2240 de
1285 2203 1471 2241 inferiori
1494 2204 1663 2245 scilicet,
1692 2206 1921 2242 secundum

246 2277 369 2314 quam
397 2270 438 2305 et
464 2269 632 2314 species
660 2269 711 2306 de
739 2279 896 2315 genere
924 2269 1160 2315 praedicari
1186 2271 1373 2316 negatur.

388 2333 439 2370 Et
458 2334 697 2371 accidentia
717 2335 1016 2377 communiter,
1036 2334 1076 2371 id
1098 2336 1163 2371 est
1184 2335 1421 2372 communia
1441 2336 1719 2373 accidentalia
1740 2338 1920 2377 nomina.

246 2400 289 2435 ut
313 2399 462 2439 album.
489 2409 573 2436 non
600 2400 778 2446 propria,
806 2401 850 2436 ut
876 2400 955 2437 hoc
982 2400 1130 2436 album.
1183 2401 1252 2437 Est
1279 2403 1425 2437 autem
1451 2411 1586 2446 ,oenus
1612 2402 1796 2447 quidem.
1849 2402 1920 2439 Po-

246 2463 339 2500 sitio
367 2466 432 2501 est
458 2465 756 2511 exemplorum.

390 2530 448 2566 Ab
475 2530 542 2566 his
567 2540 678 2576 erqo.
731 2530 837 2571 Quia
863 2540 939 2576 per
966 2531 1212 2577 ‚praedicari
1239 2532 1290 2568 de
1318 2532 1512 2577 pluribus*
1541 2532 1737 2569 differunt
1762 2543 1921 2579 genera

245 2594 297 2631 ab
325 2594 558 2635 individuis.
586 2604 687 2642 ergo
709 2595 916 2632 differunt.
968 2596 1028 2633 De
1051 2597 1255 2642 pluribus
1280 2598 1517 2641 assianum.
1544 2598 1584 2634 id
1606 2600 1671 2634 est
1692 2599 1917 2635 enuntiata.

246 2660 306 2695 Ab
339 2659 406 2696 his
440 2662 596 2697 autem.
649 2660 831 2698 Ostenso
868 2671 893 2698 a
926 2662 1074 2707 quibus
1110 2662 1277 2699 differat
1314 2673 1447 2709 genus
1484 2673 1559 2709 per
1595 2663 1768 2709 primam
1807 2664 1920 2701 diffe-

246 2725 434 2765 rentiam,
470 2735 578 2771 quae
615 2728 679 2763 est
706 2726 940 2772 praedicari
968 2727 1019 2763 de
1047 2728 1244 2773 pluribus.
1279 2729 1472 2767 ostendit.
1510 2739 1534 2764 a
1562 2729 1710 2773 quibus
1747 2738 1821 2774 per
1857 2739 1919 2765 se-

245 2789 434 2829 cundam.
471 2790 630 2827 scilicet
656 2801 681 2828 a
707 2791 1023 2837 specialissimis
1052 2795 1093 2829 et
1119 2793 1309 2839 propriis.
1338 2793 1499 2830 dicens:
1536 2795 1589 2830 ab
1627 2795 1693 2830 his
1725 2804 1835 2840 quae
1871 2795 1920 2831 de

390 2925 408 2957 2
425 2923 642 2965 subsistant]
669 2921 855 2959 subdfi'iA
876 2927 919 2958 cr.
936 2935 967 2958 v.
990 2928 1021 2963 5,
1038 2928 1096 2959 8-9
1185 2929 1203 2959 5
1231 2900 1358 2960 subste
1384 2927 1414 2961 A
1486 2929 1528 2961 10
1556 2929 1651 2969 quod
1679 2929 1705 2962 A
1794 2930 1833 2962 13
1862 2932 1919 2962 est

245 2982 380 3016 addidi
400 2984 443 3016 rs.
467 2992 500 3024 p.
517 2982 598 3017 40²⁷
691 2982 735 3017 24
756 2985 791 3017 vi
812 2983 930 3025 vocis]
952 2986 1091 3018 fiiuocis
1117 2986 1146 3018 A
1248 2987 1290 3018 25
1313 2985 1452 3027 priora]
1475 2987 1626 3028 propria
1645 2987 1674 3020 A
1775 2989 1817 3021 37
1841 2989 1918 3029 qui·

244 3043 398 3076 busdam
425 3043 454 3076 A
554 3043 693 3076 38—39
720 3042 936 3084 secundam]
963 3045 1205 3078 substantiam
1235 3046 1276 3078 Α.

389 3113 399 3136 ¹
428 3114 587 3153 Boeth.,
616 3115 658 3148 In
688 3115 811 3157 Galea.
839 3115 951 3149 Arist.
980 3115 1036 3149 PL
1063 3117 1118 3155 64,
1148 3117 1211 3150 193
1228 3117 1270 3150 Α.

1959 867 2092 902 Boeth.

1956 925 1991 958 p.
2006 916 2074 951 183
2085 917 2098 940 ⁷

1950 2507 2085 2542 Boetli.

1949 2566 1983 2599 p.
1994 2556 2060 2589 lss
2069 2558 2083 2580 ⁹
