2200 3387
206 1142 222 1166 5

194 1476 226 1500 lo

199 2451 235 2476 ‘35

349 789 673 856 Incipiunt
707 789 985 842 Glossae
1022 787 1388 841 secundum
1422 787 1809 853 magistrum

350 884 614 937 Petrum
642 883 1091 936 Abaelardum
1128 896 1329 948 super
1356 882 1809 949 Porphyrium.

386 1001 716 1047 Ingredientibus
751 1001 869 1037 nobis
903 1001 1078 1047 logicam
1113 1010 1255 1045 pauca
1275 1001 1325 1036 de
1361 1000 1615 1045 proprietate
1651 1000 1740 1036 eius
1774 1001 1919 1046 praeli-

244 1068 392 1104 bantes
420 1077 445 1103 a
472 1077 628 1112 genere
657 1067 787 1112 ipsius
815 1067 924 1111 quod
957 1068 1021 1102 est
1058 1066 1381 1111 philosophia
1421 1066 1622 1102 ducamus
1663 1066 1878 1102 exordium
1897 1069 1918 1101 1.

243 1133 549 1178 Philosophiam
571 1135 708 1169 autem
732 1142 813 1168 non
836 1132 1062 1177 quamlibet
1083 1131 1299 1168 scientiam
1328 1131 1599 1167 Boethius2
1626 1132 1819 1177 appellat.
1847 1131 1921 1167 sed

244 1208 352 1244 quae
393 1198 431 1234 in
478 1198 670 1234 maximis
707 1199 832 1234 rebus
869 1185 1076 1240 consistit;
1121 1207 1202 1233 non
1247 1197 1355 1233 enim
1402 1197 1673 1242 philosophos
1716 1197 1921 1242 quoslibet

244 1265 427 1301 scientes
468 1264 653 1302 dicimus,
689 1264 763 1300 sed
798 1273 971 1308 quorum
1012 1263 1285 1309 intelligentia
1325 1265 1518 1308 penetrat
1558 1262 1734 1299 subtilia.
1792 1262 1922 1298 Huius

245 1332 383 1366 autem
412 1331 514 1366 tres
543 1329 707 1375 specics
730 1329 1008 1365 Boethius³
1035 1328 1259 1374 distinguit,
1283 1328 1665 1373 speculativam
1693 1328 1852 1364 scilicet
1870 1327 1921 1363 de

247 1396 503 1441 speculanda
530 1404 667 1431 rerum
696 1396 856 1435 natura,
884 1395 1126 1430 moralem
1155 1394 1205 1430 de
1228 1394 1449 1430 honestate
1472 1393 1584 1429 vitae
1604 1392 1923 1433 consideranda,

247 1461 549 1497 rationalem
586 1460 637 1497 de
678 1460 839 1496 ratione
875 1462 1214 1505 argumentorum
1253 1459 1556 1504 componenda,
1593 1468 1715 1504 quam
1760 1458 1922 1504 logicen

248 1526 661 1563 Graecinominant⁴.
715 1526 846 1566 Quam
876 1527 1014 1562 tamen
1037 1536 1062 1561 a
1089 1525 1354 1570 philosophia
1380 1525 1547 1569 quidam
1577 1524 1812 1561 dividentes
1841 1533 1923 1559 non

248 1591 538 1638 philosophiae
566 1593 776 1637 partem.
805 1592 878 1627 sed
908 1591 1301 1627 instrumentum
1324 1592 1430 1626 teste
1450 1590 1691 1626 Boethio-¹>
1719 1590 1923 1629 dicebant,

249 1667 300 1694 eo
318 1657 511 1693 videlicet
527 1657 635 1702 quod
658 1657 697 1692 in
720 1666 772 1692 ea
788 1656 1094 1702 quodammodo
1117 1658 1286 1692 ceterae
1303 1644 1539 1701 operentur,
1557 1656 1649 1691 dum
1668 1654 1924 1700 argumentis

250 1723 379 1768 ipsius
401 1722 454 1758 ad
476 1722 667 1767 proprias
692 1722 932 1768 probandas
954 1722 1225 1767 quaestiones
1242 1723 1420 1757 utuntur.
1449 1721 1584 1757 Veluti
1610 1721 1643 1756 si
1670 1730 1723 1756 ex
1747 1720 1924 1756 naturali

215 1800 230 1824 ε,
251 1789 317 1825 vel
345 1787 489 1824 morali
518 1787 805 1832 speculatione
834 1787 1024 1832 quaestio
1051 1787 1136 1824 fiat.
1165 1796 1219 1823 ex
1246 1786 1381 1833 logica
1415 1788 1632 1822 sumuntur
1668 1788 1924 1831 argumenta.

250 1853 405 1890 Contra
441 1862 546 1898 quos
583 1853 670 1898 ipse
707 1852 975 1889 Boethius⁴³
1010 1852 1108 1888 nihil
1142 1852 1343 1897 impedire
1378 1851 1474 1888 dicit
1511 1851 1618 1887 idem
1659 1851 1847 1888 eiusdem
1886 1853 1926 1887 et

180 1934 183 1937 ·
250 1919 568 1955 instrumentum
598 1928 695 1956 esse
723 1921 764 1955 et
791 1920 964 1964 partem,
993 1918 1099 1954 sicut
1127 1919 1191 1954 est
1217 1927 1365 1953 manus
1393 1917 1561 1953 humani
1589 1917 1786 1962 corporis
1832 1916 1927 1961 Ipsa

252 1984 376 2022 etiam
405 1985 541 2031 logica
567 1985 630 2021 sui
661 1994 790 2030 saepe
822 1984 1141 2020 instrumentum
1169 1983 1343 2025 videtur,
1372 1992 1463 2019 cum
1493 1985 1534 2019 et
1556 1983 1845 2027 quaestionem
1874 1982 1926 2018 ad

252 2059 298 2087 se
320 2050 598 2096 pertinentem
618 2050 704 2086 suis
732 2050 937 2096 approbat
964 2048 1232 2094 argumentis,
1260 2048 1387 2085 veluti
1414 2048 1556 2084 istam:
1586 2049 1720 2089 ‚homo
1750 2050 1812 2084 est
1838 2056 1928 2093 spe-

197 2144 212 2151 -
251 2116 338 2153 cies
366 2116 581 2153 animalis.
621 2116 705 2152 Nec
733 2118 871 2152 tamen
901 2115 995 2151 ideo
1030 2115 1165 2150 minus
1193 2116 1258 2150 est
1290 2114 1435 2160 logica,
1464 2113 1561 2159 quia
1587 2113 1749 2159 logicae
1783 2114 1845 2149 est
1873 2113 1928 2149 in-

253 2183 540 2218 strumentum.
593 2181 658 2218 Sic
692 2191 770 2218 nec
804 2180 1078 2226 philosophia.
1120 2180 1217 2225 quia
1265 2179 1567 2225 philosophiae.
1630 2178 1761 2220 Quam
1803 2178 1927 2215 etiam

253 2247 343 2293 ipse
375 2247 626 2284 Boethius
672 2257 696 2283 a
730 2247 890 2283 duabus
925 2247 1015 2283 aliis
1050 2245 1338 2291 philosophiae
1379 2245 1601 2290 speciebus
1635 2244 1803 2290 proprio
1845 2243 1929 2280 fine

255 2322 331 2349 suo
359 2313 572 2359 distinguit
599 2312 668 2358 qui
705 2313 744 2348 in
774 2312 1076 2357 componendis
1115 2310 1547 2357 argumentationibus
1574 2309 1776 2346 consistit.
1828 2309 1929 2345 Nam

255 2377 334 2414 etsi
361 2378 557 2424 physicus
585 2379 831 2424 argumenta
865 2377 1086 2423 componit.
1114 2387 1197 2412 non
1225 2377 1277 2412 ad
1298 2377 1377 2412 hoc
1405 2385 1497 2412 eum
1527 2375 1712 2421 physica.
1740 2374 1815 2411 sed
1842 2374 1932 2410 sola

256 2442 420 2480 instruit
446 2444 591 2489 logica.

403 2573 416 2605 1
443 2572 482 2605 G.
505 2582 533 2605 s.
557 2582 652 2614 mag.
676 2574 767 2613 petr.
790 2573 976 2605 abaelard.
999 2581 1113 2613 super
1135 2572 1361 2613 porphirium
1383 2571 1411 2604 A
1535 2570 1554 2603 8
1577 2572 1697 2603 autem
1720 2570 1766 2607 ΑΖ
1793 2569 1886 2601 enim
1902 2568 1931 2600 A

260 2632 302 2663 15
331 2631 395 2664 fiat
422 2631 468 2670 Α.)
495 2632 585 2664 fiant
611 2632 639 2664 A

400 2713 409 2735 ¹
440 2714 672 2751 Boethius.
702 2714 744 2747 In
774 2715 872 2755 Isoq.
901 2714 1038 2755 Porplz.
1081 2714 1141 2746 lid.
1171 2714 1192 2746 1.
1222 2714 1277 2746 ed.
1306 2713 1338 2746 S.
1368 2712 1548 2750 Brandt,
1577 2711 1818 2743 Vindobonac
1844 2710 1931 2742 1906

260 2769 426 2815 (Corpus
452 2774 578 2815 script.
607 2774 689 2807 eet-I.
718 2774 795 2806 Lae.
825 2774 895 2813 48),
925 2784 958 2815 p.
988 2775 1005 2806 7
1023 2773 1061 2806 ¹¹.

399 2831 414 2854 ²
442 2833 602 2872 Boeth„
631 2833 675 2866 In
706 2834 792 2875 Top.
822 2835 892 2866 Cz'e.
922 2842 1054 2866 comm.
1082 2833 1118 2865 1..
1147 2833 1169 2865 Ι.
1199 2833 1254 2865 PL
1281 2833 1335 2869 (34,
1365 2841 1398 2872 p.
1430 2831 1517 2863 1044
1535 2830 1572 2863 C.

401 2890 415 2912 ³
442 2891 602 2930 Boeth.‚
631 2892 675 2925 In
701 2892 839 2934 Porph.
868 2893 923 2925 ed.
953 2892 987 2929 1..
1016 2901 1050 2932 p.
1079 2891 1137 2923 8⁸².

401 2950 415 2971 ⁴
443 2951 602 2989 Boeth..
633 2951 675 2984 In
704 2951 841 2993 Porph.
870 2952 925 2984 ed.
953 2952 988 2989 Ι..
1017 2960 1050 2991 p.
1079 2950 1154 2983 9¹2⁵.

401 3009 416 3030 ⁵
444 3010 604 3048 Boeth.,
633 3010 675 3043 In
705 3010 843 3052 Por-ph.
871 3011 925 3043 ed.
955 3011 989 3048 l..
1018 3020 1050 3051 p.
1082 3010 1168 3047 10³&
1197 3010 1252 3042 ed.
1282 3009 1331 3044 ΙΙ.,
1361 3018 1393 3049 p.
1426 3007 1544 3040 14013.

401 3068 416 3090 ⁶
444 3065 605 3108 Boel'h.,
635 3069 677 3102 In
707 3070 843 3111 Porph.
872 3070 927 3103 ed.
957 3069 1006 3106 11..
1036 3079 1069 3110 p.
1101 3067 1221 3101 14217.

332 3130 446 3158 ilcilr.
470 3130 542 3161 xxi,
565 3132 586 3157 1.
625 3132 764 3164 (ieyer,
788 3131 958 3157 Abaclurds
979 3131 1086 3164 plnum,
1108 3130 1267 3156 Schriften.
1775 3127 1788 3158 1
