<?xml version="1.0" encoding="UTF-8"?>
<!DOCTYPE html PUBLIC "-//W3C//DTD XHTML 1.0 Transitional//EN"
    "http://www.w3.org/TR/xhtml1/DTD/xhtml1-transitional.dtd">
<html xmlns="http://www.w3.org/1999/xhtml" xml:lang="en" lang="en">
 <head>
  <title>
</title>
<meta http-equiv="Content-Type" content="text/html;charset=utf-8" />
  <meta name='ocr-system' content='tesseract 3.04.00' />
  <meta name='ocr-capabilities' content='ocr_page ocr_carea ocr_par ocr_line ocrx_word'/>
</head>
<body>
  <div class='ocr_page' id='page_1' title='image "./philosophischesc01abeluoft_0053.png"; bbox 0 0 2200 3387; ppageno 0'>
   <div class='ocr_carea' id='block_1_1' title="bbox 620 203 1934 244">
    <p class='ocr_par' dir='ltr' id='par_1_1' title="bbox 620 203 1934 244">
     <span class='ocr_line' id='line_1_1' title="bbox 620 203 1934 244; baseline -0.003 -6"><span class='ocrx_word' id='word_1_1' title='bbox 620 206 646 237; x_wconf 87' lang='grc'>1.</span> <span class='ocrx_word' id='word_1_2' title='bbox 676 205 740 238; x_wconf 82' lang='lat' dir='ltr'>Die</span> <span class='ocrx_word' id='word_1_3' title='bbox 768 206 923 237; x_wconf 80' lang='lat' dir='ltr'>Glossen</span> <span class='ocrx_word' id='word_1_4' title='bbox 952 214 994 236; x_wconf 87' lang='lat' dir='ltr'>zu</span> <span class='ocrx_word' id='word_1_5' title='bbox 1026 204 1257 244; x_wconf 71' lang='lat' dir='ltr'>Porphyrius.</span> <span class='ocrx_word' id='word_1_6' title='bbox 1291 222 1328 225; x_wconf 34' lang='grc' dir='ltr'>ψ</span> <span class='ocrx_word' id='word_1_7' title='bbox 1359 204 1409 236; x_wconf 75' lang='lat' dir='ltr'>De</span> <span class='ocrx_word' id='word_1_8' title='bbox 1439 213 1586 244; x_wconf 71' lang='lat' dir='ltr'>genere.</span> <span class='ocrx_word' id='word_1_9' title='bbox 1892 203 1934 234; x_wconf 77' lang='lat'>:37</span> 
     </span>
    </p>
   </div>
   <div class='ocr_carea' id='block_1_2' title="bbox 199 300 2061 2900">
    <p class='ocr_par' dir='ltr' id='par_1_2' title="bbox 199 300 2061 2900">
     <span class='ocr_line' id='line_1_2' title="bbox 257 300 1936 346; baseline -0.001 -6"><span class='ocrx_word' id='word_1_10' title='bbox 257 303 481 340; x_wconf 85' lang='lat' dir='ltr'>strabimus</span> <span class='ocrx_word' id='word_1_11' title='bbox 500 306 521 339; x_wconf 89' lang='lat'>¹.</span> <span class='ocrx_word' id='word_1_12' title='bbox 569 303 687 339; x_wconf 85' lang='lat' dir='ltr'>Unde</span> <span class='ocrx_word' id='word_1_13' title='bbox 719 301 918 338; x_wconf 81' lang='lat' dir='ltr'>claritatis</span> <span class='ocrx_word' id='word_1_14' title='bbox 948 311 1111 341; x_wconf 85' lang='lat' dir='ltr'>nornen.</span> <span class='ocrx_word' id='word_1_15' title='bbox 1139 310 1247 346; x_wconf 90' lang='lat' dir='ltr'>quae</span> <span class='ocrx_word' id='word_1_16' title='bbox 1276 302 1434 336; x_wconf 82' lang='lat' dir='ltr'>tantum</span> <span class='ocrx_word' id='word_1_17' title='bbox 1464 300 1597 336; x_wconf 81' lang='lat' dir='ltr'>forma</span> <span class='ocrx_word' id='word_1_18' title='bbox 1625 303 1688 336; x_wconf 84' lang='lat' dir='ltr'>est</span> <span class='ocrx_word' id='word_1_19' title='bbox 1718 300 1936 339; x_wconf 70' lang='lat' dir='ltr'>albedinis,</span> 
     </span>
     <span class='ocr_line' id='line_1_3' title="bbox 256 366 1100 412; baseline -0.004 -7"><span class='ocrx_word' id='word_1_20' title='bbox 256 368 293 405; x_wconf 90' lang='lat' dir='ltr'>ei</span> <span class='ocrx_word' id='word_1_21' title='bbox 322 369 397 405; x_wconf 88' lang='lat' dir='ltr'>soli</span> <span class='ocrx_word' id='word_1_22' title='bbox 425 369 632 409; x_wconf 89' lang='lat' dir='ltr'>convenit.</span> <span class='ocrx_word' id='word_1_23' title='bbox 662 378 743 404; x_wconf 92' lang='lat' dir='ltr'>non</span> <span class='ocrx_word' id='word_1_24' title='bbox 772 367 897 404; x_wconf 90' lang='lat' dir='ltr'>etiam</span> <span class='ocrx_word' id='word_1_25' title='bbox 925 366 1100 412; x_wconf 86' lang='lat' dir='ltr'><strong>corpori.</strong></span> 
     </span>
     <span class='ocr_line' id='line_1_4' title="bbox 400 431 2061 477; baseline -0.002 -7"><span class='ocrx_word' id='word_1_26' title='bbox 400 434 675 470; x_wconf 82' lang='lat' dir='ltr'>Notandum</span> <span class='ocrx_word' id='word_1_27' title='bbox 705 442 823 469; x_wconf 84' lang='lat' dir='ltr'>vero</span> <span class='ocrx_word' id='word_1_28' title='bbox 856 432 860 477; x_wconf 83' lang='grc' dir='ltr'>Ι</span> <span class='ocrx_word' id='word_1_29' title='bbox 893 431 1164 468; x_wconf 93' lang='lat' dir='ltr'>secundum</span> <span class='ocrx_word' id='word_1_30' title='bbox 1193 440 1361 467; x_wconf 92' lang='lat' dir='ltr'>eorum</span> <span class='ocrx_word' id='word_1_31' title='bbox 1390 431 1714 471; x_wconf 87' lang='lat' dir='ltr'>sententiam.</span> <span class='ocrx_word' id='word_1_32' title='bbox 1743 431 1823 476; x_wconf 89' lang='lat' dir='ltr'>qui</span> <span class='ocrx_word' id='word_1_33' title='bbox 1853 441 1932 467; x_wconf 90' lang='lat' dir='ltr'>res</span> <span class='ocrx_word' id='word_1_34' title='bbox 1961 431 1982 462; x_wconf 79' lang='lat' dir='ltr'>s.</span> <span class='ocrx_word' id='word_1_35' title='bbox 2012 431 2061 462; x_wconf 80' lang='grc' dir='ltr'>ὃν</span> 
     </span>
     <span class='ocr_line' id='line_1_5' title="bbox 256 496 1937 544; baseline -0.002 -9"><span class='ocrx_word' id='word_1_36' title='bbox 256 509 451 544; x_wconf 81' lang='lat' dir='ltr'>quoque</span> <span class='ocrx_word' id='word_1_37' title='bbox 474 498 795 535; x_wconf 82' lang='lat' dir='ltr'>universales</span> <span class='ocrx_word' id='word_1_38' title='bbox 817 497 1020 543; x_wconf 87' lang='lat' dir='ltr'>proprie</span> <span class='ocrx_word' id='word_1_39' title='bbox 1049 497 1219 533; x_wconf 86' lang='lat' dir='ltr'>dicunt</span> <span class='ocrx_word' id='word_1_40' title='bbox 1247 496 1450 532; x_wconf 87' lang='lat' dir='ltr'>easdem</span> <span class='ocrx_word' id='word_1_41' title='bbox 1480 497 1645 537; x_wconf 83' lang='lat' dir='ltr'>etiam,</span> <span class='ocrx_word' id='word_1_42' title='bbox 1669 506 1795 542; x_wconf 88' lang='lat' dir='ltr'>quae</span> <span class='ocrx_word' id='word_1_43' title='bbox 1823 499 1937 532; x_wconf 84' lang='lat' dir='ltr'>sunt</span> 
     </span>
     <span class='ocr_line' id='line_1_6' title="bbox 220 562 1934 610; baseline -0.002 -9"><span class='ocrx_word' id='word_1_44' title='bbox 220 576 236 601; x_wconf 76' lang='lat' dir='ltr'>s</span> <span class='ocrx_word' id='word_1_45' title='bbox 257 564 562 610; x_wconf 82' lang='lat' dir='ltr'>singulares.</span> <span class='ocrx_word' id='word_1_46' title='bbox 592 563 837 610; x_wconf 82' lang='lat' dir='ltr'>,praedicari</span> <span class='ocrx_word' id='word_1_47' title='bbox 858 563 909 599; x_wconf 90' lang='lat' dir='ltr'>de</span> <span class='ocrx_word' id='word_1_48' title='bbox 932 562 1128 608; x_wconf 84' lang='lat' dir='ltr'>pluribus·</span> <span class='ocrx_word' id='word_1_49' title='bbox 1157 562 1209 598; x_wconf 85' lang='lat' dir='ltr'>ad</span> <span class='ocrx_word' id='word_1_50' title='bbox 1232 562 1510 598; x_wconf 70' lang='lat' dir='ltr'>differentiam</span> <span class='ocrx_word' id='word_1_51' title='bbox 1532 562 1803 607; x_wconf 85' lang='lat' dir='ltr'>singularium</span> <span class='ocrx_word' id='word_1_52' title='bbox 1839 562 1934 607; x_wconf 89' lang='lat' dir='ltr'>poni</span> 
     </span>
     <span class='ocr_line' id='line_1_7' title="bbox 257 627 1935 675; baseline -0.002 -9"><span class='ocrx_word' id='word_1_53' title='bbox 257 639 338 667; x_wconf 91' lang='lat' dir='ltr'>non</span> <span class='ocrx_word' id='word_1_54' title='bbox 368 639 504 675; x_wconf 89' lang='lat' dir='ltr'>posse.</span> <span class='ocrx_word' id='word_1_55' title='bbox 558 629 718 675; x_wconf 83' lang='lat' dir='ltr'>Quippe</span> <span class='ocrx_word' id='word_1_56' title='bbox 747 628 922 665; x_wconf 90' lang='lat' dir='ltr'>eaedem</span> <span class='ocrx_word' id='word_1_57' title='bbox 951 637 1058 673; x_wconf 87' lang='lat' dir='ltr'>quae</span> <span class='ocrx_word' id='word_1_58' title='bbox 1086 627 1320 672; x_wconf 77' lang='lat' dir='ltr'>singulares</span> <span class='ocrx_word' id='word_1_59' title='bbox 1349 629 1456 667; x_wconf 80' lang='lat' dir='ltr'>sunt.</span> <span class='ocrx_word' id='word_1_60' title='bbox 1493 627 1754 663; x_wconf 89' lang='lat' dir='ltr'>universales</span> <span class='ocrx_word' id='word_1_61' title='bbox 1789 637 1935 663; x_wconf 89' lang='lat' dir='ltr'>conce-</span> 
     </span>
     <span class='ocr_line' id='line_1_8' title="bbox 256 692 1937 741; baseline -0.002 -10"><span class='ocrx_word' id='word_1_62' title='bbox 256 695 417 731; x_wconf 91' lang='lat' dir='ltr'>duntur.</span> <span class='ocrx_word' id='word_1_63' title='bbox 470 695 511 731; x_wconf 92' lang='lat' dir='ltr'>Si</span> <span class='ocrx_word' id='word_1_64' title='bbox 551 704 652 741; x_wconf 89' lang='lat' dir='ltr'>ergo</span> <span class='ocrx_word' id='word_1_65' title='bbox 693 694 937 740; x_wconf 82' lang='lat' dir='ltr'>‚praedicari</span> <span class='ocrx_word' id='word_1_66' title='bbox 978 694 1029 730; x_wconf 93' lang='lat' dir='ltr'>de</span> <span class='ocrx_word' id='word_1_67' title='bbox 1070 693 1267 739; x_wconf 77' lang='lat' dir='ltr'>pluribus·</span> <span class='ocrx_word' id='word_1_68' title='bbox 1308 692 1551 738; x_wconf 89' lang='lat' dir='ltr'>simpliciter</span> <span class='ocrx_word' id='word_1_69' title='bbox 1589 693 1733 739; x_wconf 85' lang='lat' dir='ltr'>generi</span> <span class='ocrx_word' id='word_1_70' title='bbox 1773 695 1937 738; x_wconf 91' lang='lat' dir='ltr'>aptetur</span> 
     </span>
     <span class='ocr_line' id='line_1_9' title="bbox 255 758 1934 807; baseline 0 -10"><span class='ocrx_word' id='word_1_71' title='bbox 255 762 379 807; x_wconf 88' lang='lat' dir='ltr'>atque</span> <span class='ocrx_word' id='word_1_72' title='bbox 408 761 501 797; x_wconf 91' lang='lat' dir='ltr'>ideo</span> <span class='ocrx_word' id='word_1_73' title='bbox 530 762 699 806; x_wconf 86' lang='lat' dir='ltr'>propter</span> <span class='ocrx_word' id='word_1_74' title='bbox 726 759 1003 796; x_wconf 72' lang='lat' dir='ltr'>differentiam</span> <span class='ocrx_word' id='word_1_75' title='bbox 1033 758 1275 804; x_wconf 88' lang='lat' dir='ltr'>simpliciter</span> <span class='ocrx_word' id='word_1_76' title='bbox 1302 768 1327 794; x_wconf 90' lang='lat' dir='ltr'>a</span> <span class='ocrx_word' id='word_1_77' title='bbox 1354 758 1633 804; x_wconf 82' lang='lat' dir='ltr'>singularibus</span> <span class='ocrx_word' id='word_1_78' title='bbox 1656 760 1934 797; x_wconf 86' lang='lat' dir='ltr'>removeatur.</span> 
     </span>
     <span class='ocr_line' id='line_1_10' title="bbox 256 823 1932 870; baseline -0.002 -7"><span class='ocrx_word' id='word_1_79' title='bbox 256 828 298 862; x_wconf 88' lang='lat' dir='ltr'>ut</span> <span class='ocrx_word' id='word_1_80' title='bbox 324 826 483 863; x_wconf 88' lang='lat' dir='ltr'>scilicet</span> <span class='ocrx_word' id='word_1_81' title='bbox 508 825 721 862; x_wconf 90' lang='lat' dir='ltr'>individua</span> <span class='ocrx_word' id='word_1_82' title='bbox 748 825 799 861; x_wconf 92' lang='lat' dir='ltr'>de</span> <span class='ocrx_word' id='word_1_83' title='bbox 827 825 1012 870; x_wconf 89' lang='lat' dir='ltr'>pluribus</span> <span class='ocrx_word' id='word_1_84' title='bbox 1040 824 1208 861; x_wconf 91' lang='lat' dir='ltr'>omnino</span> <span class='ocrx_word' id='word_1_85' title='bbox 1236 834 1319 860; x_wconf 92' lang='lat' dir='ltr'>non</span> <span class='ocrx_word' id='word_1_86' title='bbox 1348 824 1654 869; x_wconf 82' lang='lat' dir='ltr'>praedicentur,</span> <span class='ocrx_word' id='word_1_87' title='bbox 1681 823 1830 860; x_wconf 86' lang='lat' dir='ltr'>falsum</span> <span class='ocrx_word' id='word_1_88' title='bbox 1858 825 1932 859; x_wconf 88' lang='lat' dir='ltr'>est.</span> 
     </span>
     <span class='ocr_line' id='line_1_11' title="bbox 205 889 1933 938; baseline -0.001 -11"><span class='ocrx_word' id='word_1_89' title='bbox 205 902 236 927; x_wconf 85' lang='grc' dir='ltr'>ιο</span> <span class='ocrx_word' id='word_1_90' title='bbox 257 890 298 928; x_wconf 90' lang='lat' dir='ltr'>Si</span> <span class='ocrx_word' id='word_1_91' title='bbox 327 901 427 927; x_wconf 90' lang='lat' dir='ltr'>vero</span> <span class='ocrx_word' id='word_1_92' title='bbox 460 891 605 938; x_wconf 88' lang='lat' dir='ltr'>generi</span> <span class='ocrx_word' id='word_1_93' title='bbox 639 901 722 928; x_wconf 92' lang='lat' dir='ltr'>non</span> <span class='ocrx_word' id='word_1_94' title='bbox 756 890 998 937; x_wconf 90' lang='lat' dir='ltr'>simpliciter</span> <span class='ocrx_word' id='word_1_95' title='bbox 1024 891 1140 936; x_wconf 89' lang='lat' dir='ltr'>aptet</span> <span class='ocrx_word' id='word_1_96' title='bbox 1174 889 1420 936; x_wconf 83' lang='lat' dir='ltr'>,praedicari</span> <span class='ocrx_word' id='word_1_97' title='bbox 1447 890 1498 926; x_wconf 93' lang='lat' dir='ltr'>de</span> <span class='ocrx_word' id='word_1_98' title='bbox 1536 890 1746 935; x_wconf 52' lang='lat' dir='ltr'>pluribus:</span> <span class='ocrx_word' id='word_1_99' title='bbox 1781 889 1855 926; x_wconf 92' lang='lat' dir='ltr'>sed</span> <span class='ocrx_word' id='word_1_100' title='bbox 1896 889 1933 925; x_wconf 95' lang='lat' dir='ltr'>in</span> 
     </span>
     <span class='ocr_line' id='line_1_12' title="bbox 255 954 1935 1003; baseline -0.002 -10"><span class='ocrx_word' id='word_1_101' title='bbox 255 958 453 1002; x_wconf 90' lang='lat' dir='ltr'>respectu</span> <span class='ocrx_word' id='word_1_102' title='bbox 490 957 659 1003; x_wconf 91' lang='lat' dir='ltr'>generis</span> <span class='ocrx_word' id='word_1_103' title='bbox 696 958 822 1001; x_wconf 89' lang='lat' dir='ltr'>atque</span> <span class='ocrx_word' id='word_1_104' title='bbox 858 955 1080 992; x_wconf 92' lang='lat' dir='ltr'>individuis</span> <span class='ocrx_word' id='word_1_105' title='bbox 1116 955 1157 992; x_wconf 94' lang='lat' dir='ltr'>in</span> <span class='ocrx_word' id='word_1_106' title='bbox 1189 957 1384 1001; x_wconf 92' lang='lat' dir='ltr'>respectu</span> <span class='ocrx_word' id='word_1_107' title='bbox 1421 955 1726 992; x_wconf 90' lang='lat' dir='ltr'>individuorum</span> <span class='ocrx_word' id='word_1_108' title='bbox 1761 954 1935 995; x_wconf 81' lang='lat' dir='ltr'>auferat,</span> 
     </span>
     <span class='ocr_line' id='line_1_13' title="bbox 255 1021 1936 1068; baseline -0.001 -10"><span class='ocrx_word' id='word_1_109' title='bbox 255 1022 442 1068; x_wconf 84' lang='lat' dir='ltr'>profecto</span> <span class='ocrx_word' id='word_1_110' title='bbox 469 1022 510 1058; x_wconf 92' lang='lat' dir='ltr'>in</span> <span class='ocrx_word' id='word_1_111' title='bbox 538 1022 781 1059; x_wconf 89' lang='lat' dir='ltr'>definitione</span> <span class='ocrx_word' id='word_1_112' title='bbox 817 1022 984 1068; x_wconf 90' lang='lat' dir='ltr'>generis</span> <span class='ocrx_word' id='word_1_113' title='bbox 1025 1031 1118 1058; x_wconf 89' lang='lat' dir='ltr'>cum</span> <span class='ocrx_word' id='word_1_114' title='bbox 1159 1021 1404 1067; x_wconf 83' lang='lat' dir='ltr'>,praedicari</span> <span class='ocrx_word' id='word_1_115' title='bbox 1446 1021 1496 1057; x_wconf 94' lang='lat' dir='ltr'>de</span> <span class='ocrx_word' id='word_1_116' title='bbox 1537 1021 1733 1067; x_wconf 71' lang='lat' dir='ltr'>pluribus*</span> <span class='ocrx_word' id='word_1_117' title='bbox 1772 1023 1936 1066; x_wconf 90' lang='lat' dir='ltr'>oportet</span> 
     </span>
     <span class='ocr_line' id='line_1_14' title="bbox 254 1086 1934 1135; baseline -0.001 -11"><span class='ocrx_word' id='word_1_118' title='bbox 254 1087 525 1135; x_wconf 86' lang='lat' dir='ltr'>subintelligi:</span> <span class='ocrx_word' id='word_1_119' title='bbox 559 1087 600 1124; x_wconf 93' lang='lat' dir='ltr'>in</span> <span class='ocrx_word' id='word_1_120' title='bbox 629 1096 679 1124; x_wconf 94' lang='lat' dir='ltr'>eo</span> <span class='ocrx_word' id='word_1_121' title='bbox 708 1088 817 1133; x_wconf 91' lang='lat' dir='ltr'>quod</span> <span class='ocrx_word' id='word_1_122' title='bbox 845 1097 978 1134; x_wconf 86' lang='lat' dir='ltr'>genus</span> <span class='ocrx_word' id='word_1_123' title='bbox 1005 1089 1080 1124; x_wconf 91' lang='lat' dir='ltr'>est.</span> <span class='ocrx_word' id='word_1_124' title='bbox 1133 1087 1252 1124; x_wconf 91' lang='lat' dir='ltr'>Unde</span> <span class='ocrx_word' id='word_1_125' title='bbox 1289 1087 1369 1124; x_wconf 89' lang='lat' dir='ltr'>iam</span> <span class='ocrx_word' id='word_1_126' title='bbox 1407 1089 1635 1132; x_wconf 89' lang='lat' dir='ltr'>sequentes</span> <span class='ocrx_word' id='word_1_127' title='bbox 1671 1086 1934 1123; x_wconf 79' lang='lat' dir='ltr'>differentiae</span> 
     </span>
     <span class='ocr_line' id='line_1_15' title="bbox 255 1152 1936 1199; baseline -0.001 -9"><span class='ocrx_word' id='word_1_128' title='bbox 255 1153 573 1199; x_wconf 77' lang='lat' dir='ltr'>superfluerent.</span> <span class='ocrx_word' id='word_1_129' title='bbox 625 1153 902 1190; x_wconf 88' lang='lat' dir='ltr'>Praeterea</span> <span class='ocrx_word' id='word_1_130' title='bbox 927 1153 1011 1195; x_wconf 91' lang='lat' dir='ltr'>&lt;si&gt;</span> <span class='ocrx_word' id='word_1_131' title='bbox 1037 1155 1255 1198; x_wconf 89' lang='lat' dir='ltr'>respectus</span> <span class='ocrx_word' id='word_1_132' title='bbox 1284 1153 1560 1193; x_wconf 69' lang='lat' dir='ltr'>attendamus,</span> <span class='ocrx_word' id='word_1_133' title='bbox 1590 1155 1632 1188; x_wconf 91' lang='lat' dir='ltr'>ut</span> <span class='ocrx_word' id='word_1_134' title='bbox 1659 1152 1852 1188; x_wconf 88' lang='lat' dir='ltr'>videlicet</span> <span class='ocrx_word' id='word_1_135' title='bbox 1880 1152 1936 1188; x_wconf 94' lang='lat' dir='ltr'>di-</span> 
     </span>
     <span class='ocr_line' id='line_1_16' title="bbox 202 1218 1936 1266; baseline -0.002 -10"><span class='ocrx_word' id='word_1_136' title='bbox 202 1231 234 1257; x_wconf 85' lang='lat'>15</span> <span class='ocrx_word' id='word_1_137' title='bbox 255 1229 399 1256; x_wconf 88' lang='lat' dir='ltr'>camus</span> <span class='ocrx_word' id='word_1_138' title='bbox 427 1229 586 1266; x_wconf 87' lang='lat' dir='ltr'>genera</span> <span class='ocrx_word' id='word_1_139' title='bbox 614 1219 654 1255; x_wconf 91' lang='lat' dir='ltr'>in</span> <span class='ocrx_word' id='word_1_140' title='bbox 689 1229 740 1256; x_wconf 93' lang='lat' dir='ltr'>eo</span> <span class='ocrx_word' id='word_1_141' title='bbox 768 1219 879 1265; x_wconf 91' lang='lat' dir='ltr'>quod</span> <span class='ocrx_word' id='word_1_142' title='bbox 916 1228 1076 1265; x_wconf 89' lang='lat' dir='ltr'>genera</span> <span class='ocrx_word' id='word_1_143' title='bbox 1112 1221 1218 1259; x_wconf 84' lang='lat' dir='ltr'>sunt,</span> <span class='ocrx_word' id='word_1_144' title='bbox 1253 1218 1489 1264; x_wconf 89' lang='lat' dir='ltr'>praedicari</span> <span class='ocrx_word' id='word_1_145' title='bbox 1517 1219 1568 1255; x_wconf 93' lang='lat' dir='ltr'>de</span> <span class='ocrx_word' id='word_1_146' title='bbox 1602 1218 1798 1264; x_wconf 84' lang='lat' dir='ltr'>pluribus,</span> <span class='ocrx_word' id='word_1_147' title='bbox 1836 1218 1936 1254; x_wconf 91' lang='lat' dir='ltr'>indi-</span> 
     </span>
     <span class='ocr_line' id='line_1_17' title="bbox 256 1283 1935 1331; baseline -0.002 -9"><span class='ocrx_word' id='word_1_148' title='bbox 256 1285 381 1322; x_wconf 90' lang='lat' dir='ltr'>vidua</span> <span class='ocrx_word' id='word_1_149' title='bbox 409 1294 509 1322; x_wconf 91' lang='lat' dir='ltr'>vero</span> <span class='ocrx_word' id='word_1_150' title='bbox 538 1294 620 1321; x_wconf 91' lang='lat' dir='ltr'>non</span> <span class='ocrx_word' id='word_1_151' title='bbox 649 1285 689 1321; x_wconf 92' lang='lat' dir='ltr'>in</span> <span class='ocrx_word' id='word_1_152' title='bbox 718 1294 768 1322; x_wconf 90' lang='lat' dir='ltr'>eo</span> <span class='ocrx_word' id='word_1_153' title='bbox 797 1285 906 1331; x_wconf 92' lang='lat' dir='ltr'>quod</span> <span class='ocrx_word' id='word_1_154' title='bbox 934 1286 1030 1321; x_wconf 90' lang='lat' dir='ltr'>sunt</span> <span class='ocrx_word' id='word_1_155' title='bbox 1051 1284 1274 1325; x_wconf 84' lang='lat' dir='ltr'>individua,</span> <span class='ocrx_word' id='word_1_156' title='bbox 1303 1294 1384 1320; x_wconf 92' lang='lat' dir='ltr'>non</span> <span class='ocrx_word' id='word_1_157' title='bbox 1401 1284 1512 1320; x_wconf 87' lang='lat' dir='ltr'>valet</span> <span class='ocrx_word' id='word_1_158' title='bbox 1540 1283 1775 1320; x_wconf 75' lang='lat' dir='ltr'>differentia</span> <span class='ocrx_word' id='word_1_159' title='bbox 1803 1283 1935 1329; x_wconf 89' lang='lat' dir='ltr'>magis</span> 
     </span>
     <span class='ocr_line' id='line_1_18' title="bbox 255 1349 1936 1396; baseline -0.001 -9"><span class='ocrx_word' id='word_1_160' title='bbox 255 1350 308 1387; x_wconf 89' lang='lat' dir='ltr'>ad</span> <span class='ocrx_word' id='word_1_161' title='bbox 335 1350 560 1392; x_wconf 87' lang='lat' dir='ltr'>individua.</span> <span class='ocrx_word' id='word_1_162' title='bbox 589 1360 712 1396; x_wconf 88' lang='lat' dir='ltr'>quam</span> <span class='ocrx_word' id='word_1_163' title='bbox 741 1351 793 1387; x_wconf 86' lang='lat' dir='ltr'>ad</span> <span class='ocrx_word' id='word_1_164' title='bbox 821 1350 1067 1387; x_wconf 90' lang='lat' dir='ltr'>accidentia.</span> <span class='ocrx_word' id='word_1_165' title='bbox 1120 1350 1280 1396; x_wconf 90' lang='lat' dir='ltr'>Quippe</span> <span class='ocrx_word' id='word_1_166' title='bbox 1310 1350 1463 1386; x_wconf 92' lang='lat' dir='ltr'>nullum</span> <span class='ocrx_word' id='word_1_167' title='bbox 1497 1349 1706 1390; x_wconf 82' lang='lat' dir='ltr'>accidens,</span> <span class='ocrx_word' id='word_1_168' title='bbox 1740 1349 1779 1385; x_wconf 94' lang='lat' dir='ltr'>in</span> <span class='ocrx_word' id='word_1_169' title='bbox 1809 1358 1936 1395; x_wconf 89' lang='lat' dir='ltr'>quan-</span> 
     </span>
     <span class='ocr_line' id='line_1_19' title="bbox 257 1415 1934 1462; baseline -0.001 -10"><span class='ocrx_word' id='word_1_170' title='bbox 257 1418 341 1452; x_wconf 92' lang='lat' dir='ltr'>tum</span> <span class='ocrx_word' id='word_1_171' title='bbox 370 1418 435 1452; x_wconf 92' lang='lat' dir='ltr'>est</span> <span class='ocrx_word' id='word_1_172' title='bbox 461 1416 671 1458; x_wconf 90' lang='lat' dir='ltr'>accidens,</span> <span class='ocrx_word' id='word_1_173' title='bbox 700 1417 750 1452; x_wconf 91' lang='lat' dir='ltr'>de</span> <span class='ocrx_word' id='word_1_174' title='bbox 777 1416 963 1462; x_wconf 92' lang='lat' dir='ltr'>pluribus</span> <span class='ocrx_word' id='word_1_175' title='bbox 990 1416 1268 1462; x_wconf 89' lang='lat' dir='ltr'>praedicatur.</span> <span class='ocrx_word' id='word_1_176' title='bbox 1321 1415 1441 1452; x_wconf 87' lang='lat' dir='ltr'>Unde</span> <span class='ocrx_word' id='word_1_177' title='bbox 1469 1415 1520 1456; x_wconf 86' lang='lat' dir='ltr'>,in</span> <span class='ocrx_word' id='word_1_178' title='bbox 1543 1415 1650 1461; x_wconf 87' lang='lat' dir='ltr'>quid‘</span> <span class='ocrx_word' id='word_1_179' title='bbox 1677 1415 1934 1460; x_wconf 89' lang='lat' dir='ltr'>suppositum</span> 
     </span>
     <span class='ocr_line' id='line_1_20' title="bbox 256 1480 1936 1518; baseline -0.001 0"><span class='ocrx_word' id='word_1_180' title='bbox 256 1481 308 1518; x_wconf 91' lang='lat' dir='ltr'>ad</span> <span class='ocrx_word' id='word_1_181' title='bbox 337 1481 615 1518; x_wconf 80' lang='lat' dir='ltr'>differentiam</span> <span class='ocrx_word' id='word_1_182' title='bbox 643 1481 920 1518; x_wconf 89' lang='lat' dir='ltr'>accidentium</span> <span class='ocrx_word' id='word_1_183' title='bbox 956 1481 1067 1518; x_wconf 94' lang='lat' dir='ltr'>nullo</span> <span class='ocrx_word' id='word_1_184' title='bbox 1095 1481 1218 1518; x_wconf 94' lang='lat' dir='ltr'>modo</span> <span class='ocrx_word' id='word_1_185' title='bbox 1247 1483 1371 1517; x_wconf 90' lang='lat' dir='ltr'>esset.</span> <span class='ocrx_word' id='word_1_186' title='bbox 1424 1480 1619 1517; x_wconf 89' lang='lat' dir='ltr'>Similiter</span> <span class='ocrx_word' id='word_1_187' title='bbox 1652 1480 1776 1517; x_wconf 89' lang='lat' dir='ltr'>etiam</span> <span class='ocrx_word' id='word_1_188' title='bbox 1813 1480 1936 1516; x_wconf 88' lang='lat' dir='ltr'>ratio—</span> 
     </span>
     <span class='ocr_line' id='line_1_21' title="bbox 199 1546 1937 1592; baseline -0.001 -8"><span class='ocrx_word' id='word_1_189' title='bbox 199 1558 236 1584; x_wconf 80' lang='lat'>20</span> <span class='ocrx_word' id='word_1_190' title='bbox 257 1547 351 1584; x_wconf 87' lang='lat' dir='ltr'>nale</span> <span class='ocrx_word' id='word_1_191' title='bbox 379 1547 419 1584; x_wconf 93' lang='lat' dir='ltr'>in</span> <span class='ocrx_word' id='word_1_192' title='bbox 448 1547 692 1584; x_wconf 87' lang='lat' dir='ltr'>definitione</span> <span class='ocrx_word' id='word_1_193' title='bbox 720 1547 900 1584; x_wconf 89' lang='lat' dir='ltr'>hominis</span> <span class='ocrx_word' id='word_1_194' title='bbox 921 1547 974 1584; x_wconf 92' lang='lat' dir='ltr'>ad</span> <span class='ocrx_word' id='word_1_195' title='bbox 996 1547 1283 1584; x_wconf 88' lang='lat' dir='ltr'>exclusionem</span> <span class='ocrx_word' id='word_1_196' title='bbox 1306 1546 1490 1583; x_wconf 89' lang='lat' dir='ltr'>mortalis</span> <span class='ocrx_word' id='word_1_197' title='bbox 1511 1547 1619 1583; x_wconf 92' lang='lat' dir='ltr'>bene</span> <span class='ocrx_word' id='word_1_198' title='bbox 1641 1546 1817 1592; x_wconf 79' lang='lat' dir='ltr'>ponitur,</span> <span class='ocrx_word' id='word_1_199' title='bbox 1840 1546 1937 1591; x_wconf 90' lang='lat' dir='ltr'>quia</span> 
     </span>
     <span class='ocr_line' id='line_1_22' title="bbox 256 1612 1935 1659; baseline -0.001 -10"><span class='ocrx_word' id='word_1_200' title='bbox 256 1613 409 1649; x_wconf 93' lang='lat' dir='ltr'>nullum</span> <span class='ocrx_word' id='word_1_201' title='bbox 437 1612 642 1650; x_wconf 85' lang='lat' dir='ltr'>rationale</span> <span class='ocrx_word' id='word_1_202' title='bbox 663 1613 704 1650; x_wconf 95' lang='lat' dir='ltr'>in</span> <span class='ocrx_word' id='word_1_203' title='bbox 727 1623 778 1650; x_wconf 94' lang='lat' dir='ltr'>eo</span> <span class='ocrx_word' id='word_1_204' title='bbox 800 1613 910 1659; x_wconf 91' lang='lat' dir='ltr'>quod</span> <span class='ocrx_word' id='word_1_205' title='bbox 931 1613 1135 1650; x_wconf 90' lang='lat' dir='ltr'>rationale</span> <span class='ocrx_word' id='word_1_206' title='bbox 1155 1614 1231 1653; x_wconf 86' lang='lat' dir='ltr'>est,</span> <span class='ocrx_word' id='word_1_207' title='bbox 1253 1613 1427 1649; x_wconf 89' lang='lat' dir='ltr'>mortale</span> <span class='ocrx_word' id='word_1_208' title='bbox 1450 1614 1524 1649; x_wconf 89' lang='lat' dir='ltr'>est.</span> <span class='ocrx_word' id='word_1_209' title='bbox 1576 1612 1687 1648; x_wconf 89' lang='lat' dir='ltr'>idem</span> <span class='ocrx_word' id='word_1_210' title='bbox 1710 1612 1760 1648; x_wconf 93' lang='lat' dir='ltr'>de</span> <span class='ocrx_word' id='word_1_211' title='bbox 1782 1612 1935 1649; x_wconf 91' lang='lat' dir='ltr'>ceteris</span> 
     </span>
     <span class='ocr_line' id='line_1_23' title="bbox 256 1678 1935 1725; baseline 0 -11"><span class='ocrx_word' id='word_1_212' title='bbox 256 1678 513 1720; x_wconf 85' lang='lat' dir='ltr'>differentiis,</span> <span class='ocrx_word' id='word_1_213' title='bbox 548 1688 656 1724; x_wconf 87' lang='lat' dir='ltr'>quae</span> <span class='ocrx_word' id='word_1_214' title='bbox 684 1678 724 1715; x_wconf 93' lang='lat' dir='ltr'>in</span> <span class='ocrx_word' id='word_1_215' title='bbox 752 1678 995 1716; x_wconf 91' lang='lat' dir='ltr'>definitione</span> <span class='ocrx_word' id='word_1_216' title='bbox 1021 1678 1190 1725; x_wconf 88' lang='lat' dir='ltr'>generis</span> <span class='ocrx_word' id='word_1_217' title='bbox 1225 1680 1464 1724; x_wconf 89' lang='lat' dir='ltr'>sequuntur,</span> <span class='ocrx_word' id='word_1_218' title='bbox 1499 1678 1654 1723; x_wconf 92' lang='lat' dir='ltr'>opponi</span> <span class='ocrx_word' id='word_1_219' title='bbox 1687 1679 1837 1723; x_wconf 83' lang='lat' dir='ltr'>potest,</span> <span class='ocrx_word' id='word_1_220' title='bbox 1871 1687 1935 1714; x_wconf 90' lang='lat' dir='ltr'>se-</span> 
     </span>
     <span class='ocr_line' id='line_1_24' title="bbox 256 1741 1935 1789; baseline -0.001 -10"><span class='ocrx_word' id='word_1_221' title='bbox 256 1741 434 1779; x_wconf 92' lang='lat' dir='ltr'>cundum</span> <span class='ocrx_word' id='word_1_222' title='bbox 468 1743 547 1779; x_wconf 90' lang='lat' dir='ltr'>hoc</span> <span class='ocrx_word' id='word_1_223' title='bbox 574 1743 743 1784; x_wconf 89' lang='lat' dir='ltr'>scilicet,</span> <span class='ocrx_word' id='word_1_224' title='bbox 778 1742 887 1788; x_wconf 90' lang='lat' dir='ltr'>quod</span> <span class='ocrx_word' id='word_1_225' title='bbox 915 1742 1092 1779; x_wconf 89' lang='lat' dir='ltr'>eandem</span> <span class='ocrx_word' id='word_1_226' title='bbox 1120 1752 1209 1779; x_wconf 90' lang='lat' dir='ltr'>rem</span> <span class='ocrx_word' id='word_1_227' title='bbox 1237 1744 1277 1778; x_wconf 90' lang='lat' dir='ltr'>et</span> <span class='ocrx_word' id='word_1_228' title='bbox 1304 1751 1436 1789; x_wconf 91' lang='lat' dir='ltr'>genus</span> <span class='ocrx_word' id='word_1_229' title='bbox 1464 1743 1506 1778; x_wconf 92' lang='lat' dir='ltr'>et</span> <span class='ocrx_word' id='word_1_230' title='bbox 1533 1742 1718 1787; x_wconf 88' lang='lat' dir='ltr'>speciem</span> <span class='ocrx_word' id='word_1_231' title='bbox 1746 1743 1787 1778; x_wconf 91' lang='lat' dir='ltr'>et</span> <span class='ocrx_word' id='word_1_232' title='bbox 1820 1741 1935 1778; x_wconf 85' lang='lat' dir='ltr'>diffe-</span> 
     </span>
     <span class='ocr_line' id='line_1_25' title="bbox 256 1807 1934 1854; baseline 0 -10"><span class='ocrx_word' id='word_1_233' title='bbox 256 1808 431 1844; x_wconf 90' lang='lat' dir='ltr'>rentiam</span> <span class='ocrx_word' id='word_1_234' title='bbox 448 1810 490 1845; x_wconf 91' lang='lat' dir='ltr'>et</span> <span class='ocrx_word' id='word_1_235' title='bbox 503 1808 701 1845; x_wconf 88' lang='lat' dir='ltr'>accidens</span> <span class='ocrx_word' id='word_1_236' title='bbox 717 1817 813 1845; x_wconf 91' lang='lat' dir='ltr'>esse</span> <span class='ocrx_word' id='word_1_237' title='bbox 829 1808 1075 1845; x_wconf 91' lang='lat' dir='ltr'>concedunt.</span> <span class='ocrx_word' id='word_1_238' title='bbox 1129 1807 1291 1854; x_wconf 90' lang='lat' dir='ltr'>Quippe</span> <span class='ocrx_word' id='word_1_239' title='bbox 1311 1808 1547 1845; x_wconf 90' lang='lat' dir='ltr'>albedinem</span> <span class='ocrx_word' id='word_1_240' title='bbox 1569 1817 1692 1853; x_wconf 90' lang='lat' dir='ltr'>quam</span> <span class='ocrx_word' id='word_1_241' title='bbox 1714 1809 1756 1844; x_wconf 92' lang='lat' dir='ltr'>et</span> <span class='ocrx_word' id='word_1_242' title='bbox 1776 1807 1934 1853; x_wconf 89' lang='lat' dir='ltr'>specia-</span> 
     </span>
     <span class='ocr_line' id='line_1_26' title="bbox 200 1873 1934 1920; baseline -0.001 -10"><span class='ocrx_word' id='word_1_243' title='bbox 200 1873 457 1911; x_wconf 81' lang='lat' dir='ltr'>251issimum</span> <span class='ocrx_word' id='word_1_244' title='bbox 491 1875 533 1910; x_wconf 91' lang='lat' dir='ltr'>et</span> <span class='ocrx_word' id='word_1_245' title='bbox 565 1873 762 1910; x_wconf 90' lang='lat' dir='ltr'>accidens</span> <span class='ocrx_word' id='word_1_246' title='bbox 789 1874 930 1910; x_wconf 91' lang='lat' dir='ltr'>dicunt</span> <span class='ocrx_word' id='word_1_247' title='bbox 957 1876 998 1910; x_wconf 96' lang='lat' dir='ltr'>et</span> <span class='ocrx_word' id='word_1_248' title='bbox 1025 1874 1075 1910; x_wconf 93' lang='lat' dir='ltr'>de</span> <span class='ocrx_word' id='word_1_249' title='bbox 1103 1874 1182 1910; x_wconf 88' lang='lat' dir='ltr'>hoc</span> <span class='ocrx_word' id='word_1_250' title='bbox 1209 1883 1345 1920; x_wconf 88' lang='lat' dir='ltr'>cygno</span> <span class='ocrx_word' id='word_1_251' title='bbox 1374 1875 1414 1910; x_wconf 91' lang='lat' dir='ltr'>et</span> <span class='ocrx_word' id='word_1_252' title='bbox 1440 1873 1519 1910; x_wconf 89' lang='lat' dir='ltr'>hac</span> <span class='ocrx_word' id='word_1_253' title='bbox 1545 1873 1773 1919; x_wconf 90' lang='lat' dir='ltr'>margarita</span> <span class='ocrx_word' id='word_1_254' title='bbox 1793 1873 1934 1919; x_wconf 91' lang='lat' dir='ltr'>specie</span> 
     </span>
     <span class='ocr_line' id='line_1_27' title="bbox 256 1938 1935 1985; baseline -0.001 -9"><span class='ocrx_word' id='word_1_255' title='bbox 256 1938 545 1976; x_wconf 85' lang='lat' dir='ltr'>differentibus</span> <span class='ocrx_word' id='word_1_256' title='bbox 572 1939 807 1985; x_wconf 89' lang='lat' dir='ltr'>praedicari</span> <span class='ocrx_word' id='word_1_257' title='bbox 834 1941 1031 1981; x_wconf 86' lang='lat' dir='ltr'>annuunt,</span> <span class='ocrx_word' id='word_1_258' title='bbox 1059 1949 1134 1985; x_wconf 92' lang='lat' dir='ltr'>per</span> <span class='ocrx_word' id='word_1_259' title='bbox 1161 1939 1270 1984; x_wconf 90' lang='lat' dir='ltr'>quod</span> <span class='ocrx_word' id='word_1_260' title='bbox 1298 1941 1437 1975; x_wconf 89' lang='lat' dir='ltr'>tamen</span> <span class='ocrx_word' id='word_1_261' title='bbox 1466 1938 1772 1984; x_wconf 90' lang='lat' dir='ltr'>specialissima</span> <span class='ocrx_word' id='word_1_262' title='bbox 1797 1939 1935 1975; x_wconf 88' lang='lat' dir='ltr'>exclu-</span> 
     </span>
     <span class='ocr_line' id='line_1_28' title="bbox 256 2004 1935 2051; baseline -0.001 -10"><span class='ocrx_word' id='word_1_263' title='bbox 256 2004 357 2041; x_wconf 92' lang='lat' dir='ltr'>dunt</span> <span class='ocrx_word' id='word_1_264' title='bbox 383 2006 508 2050; x_wconf 90' lang='lat' dir='ltr'>atque</span> <span class='ocrx_word' id='word_1_265' title='bbox 530 2004 624 2042; x_wconf 92' lang='lat' dir='ltr'>ideo</span> <span class='ocrx_word' id='word_1_266' title='bbox 646 2005 780 2051; x_wconf 91' lang='lat' dir='ltr'>ipsam</span> <span class='ocrx_word' id='word_1_267' title='bbox 808 2005 1044 2042; x_wconf 89' lang='lat' dir='ltr'>albedinem</span> <span class='ocrx_word' id='word_1_268' title='bbox 1072 2006 1114 2041; x_wconf 90' lang='lat' dir='ltr'>et</span> <span class='ocrx_word' id='word_1_269' title='bbox 1140 2005 1219 2041; x_wconf 92' lang='lat' dir='ltr'>hoc</span> <span class='ocrx_word' id='word_1_270' title='bbox 1246 2004 1356 2050; x_wconf 92' lang='lat' dir='ltr'>quod</span> <span class='ocrx_word' id='word_1_271' title='bbox 1383 2004 1550 2050; x_wconf 89' lang='lat' dir='ltr'>species</span> <span class='ocrx_word' id='word_1_272' title='bbox 1579 2006 1653 2043; x_wconf 84' lang='lat' dir='ltr'>est.</span> <span class='ocrx_word' id='word_1_273' title='bbox 1682 2005 1721 2041; x_wconf 93' lang='lat' dir='ltr'>in</span> <span class='ocrx_word' id='word_1_274' title='bbox 1750 2004 1935 2040; x_wconf 91' lang='lat' dir='ltr'>secunda</span> 
     </span>
     <span class='ocr_line' id='line_1_29' title="bbox 256 2068 1933 2115; baseline 0 -10"><span class='ocrx_word' id='word_1_275' title='bbox 256 2068 493 2106; x_wconf 86' lang='lat' dir='ltr'>differentia</span> <span class='ocrx_word' id='word_1_276' title='bbox 525 2071 569 2106; x_wconf 93' lang='lat' dir='ltr'>ut</span> <span class='ocrx_word' id='word_1_277' title='bbox 595 2069 781 2115; x_wconf 91' lang='lat' dir='ltr'>speciem</span> <span class='ocrx_word' id='word_1_278' title='bbox 808 2069 1156 2115; x_wconf 90' lang='lat' dir='ltr'>specialissimam</span> <span class='ocrx_word' id='word_1_279' title='bbox 1186 2069 1422 2110; x_wconf 80' lang='lat' dir='ltr'>excludunt.</span> <span class='ocrx_word' id='word_1_280' title='bbox 1450 2069 1490 2105; x_wconf 94' lang='lat' dir='ltr'>in</span> <span class='ocrx_word' id='word_1_281' title='bbox 1512 2069 1654 2105; x_wconf 89' lang='lat' dir='ltr'>ultima</span> <span class='ocrx_word' id='word_1_282' title='bbox 1683 2078 1796 2107; x_wconf 84' lang='lat' dir='ltr'>vero.</span> <span class='ocrx_word' id='word_1_283' title='bbox 1826 2078 1933 2114; x_wconf 89' lang='lat' dir='ltr'>quae</span> 
     </span>
     <span class='ocr_line' id='line_1_30' title="bbox 256 2134 1463 2181; baseline 0 -11"><span class='ocrx_word' id='word_1_284' title='bbox 256 2136 320 2170; x_wconf 90' lang='lat' dir='ltr'>est</span> <span class='ocrx_word' id='word_1_285' title='bbox 348 2134 399 2175; x_wconf 80' lang='lat' dir='ltr'>,in</span> <span class='ocrx_word' id='word_1_286' title='bbox 427 2135 547 2180; x_wconf 76' lang='lat' dir='ltr'>quid‘,</span> <span class='ocrx_word' id='word_1_287' title='bbox 574 2134 709 2181; x_wconf 88' lang='lat' dir='ltr'>ipsam</span> <span class='ocrx_word' id='word_1_288' title='bbox 736 2145 902 2181; x_wconf 91' lang='lat' dir='ltr'>quoque</span> <span class='ocrx_word' id='word_1_289' title='bbox 930 2135 1157 2172; x_wconf 87' lang='lat' dir='ltr'>excludunt</span> <span class='ocrx_word' id='word_1_290' title='bbox 1183 2136 1227 2171; x_wconf 94' lang='lat' dir='ltr'>ut</span> <span class='ocrx_word' id='word_1_291' title='bbox 1253 2134 1463 2172; x_wconf 89' lang='lat' dir='ltr'>accidens.</span> 
     </span>
     <span class='ocr_line' id='line_1_31' title="bbox 200 2199 1932 2247; baseline -0.002 -9"><span class='ocrx_word' id='word_1_292' title='bbox 200 2210 237 2238; x_wconf 71' lang='grc' dir='ltr'>ιο</span> <span class='ocrx_word' id='word_1_293' title='bbox 399 2199 495 2236; x_wconf 92' lang='lat' dir='ltr'>Nos</span> <span class='ocrx_word' id='word_1_294' title='bbox 523 2210 624 2237; x_wconf 89' lang='lat' dir='ltr'>vero</span> <span class='ocrx_word' id='word_1_295' title='bbox 657 2200 835 2237; x_wconf 89' lang='lat' dir='ltr'>eandem</span> <span class='ocrx_word' id='word_1_296' title='bbox 871 2210 1019 2238; x_wconf 91' lang='lat' dir='ltr'>vocem</span> <span class='ocrx_word' id='word_1_297' title='bbox 1057 2201 1359 2237; x_wconf 89' lang='lat' dir='ltr'>accidentalem</span> <span class='ocrx_word' id='word_1_298' title='bbox 1396 2202 1436 2237; x_wconf 89' lang='lat' dir='ltr'>et</span> <span class='ocrx_word' id='word_1_299' title='bbox 1471 2200 1713 2247; x_wconf 85' lang='lat' dir='ltr'>generalem</span> <span class='ocrx_word' id='word_1_300' title='bbox 1741 2200 1932 2236; x_wconf 88' lang='lat' dir='ltr'>nolumus</span> 
     </span>
     <span class='ocr_line' id='line_1_32' title="bbox 255 2265 1933 2311; baseline 0 -10"><span class='ocrx_word' id='word_1_301' title='bbox 255 2275 350 2302; x_wconf 88' lang='lat' dir='ltr'>esse</span> <span class='ocrx_word' id='word_1_302' title='bbox 378 2265 446 2302; x_wconf 93' lang='lat' dir='ltr'>vel</span> <span class='ocrx_word' id='word_1_303' title='bbox 472 2266 697 2311; x_wconf 88' lang='lat' dir='ltr'>specialem</span> <span class='ocrx_word' id='word_1_304' title='bbox 724 2276 802 2303; x_wconf 91' lang='lat' dir='ltr'>nec</span> <span class='ocrx_word' id='word_1_305' title='bbox 829 2266 1007 2303; x_wconf 90' lang='lat' dir='ltr'>eandem</span> <span class='ocrx_word' id='word_1_306' title='bbox 1041 2266 1361 2303; x_wconf 85' lang='lat' dir='ltr'>differentialem</span> <span class='ocrx_word' id='word_1_307' title='bbox 1395 2266 1568 2303; x_wconf 91' lang='lat' dir='ltr'>dicimus</span> <span class='ocrx_word' id='word_1_308' title='bbox 1603 2275 1727 2311; x_wconf 91' lang='lat' dir='ltr'>quam</span> <span class='ocrx_word' id='word_1_309' title='bbox 1758 2275 1933 2311; x_wconf 88' lang='lat' dir='ltr'>genera-</span> 
     </span>
     <span class='ocr_line' id='line_1_33' title="bbox 256 2331 1933 2377; baseline 0 -10"><span class='ocrx_word' id='word_1_310' title='bbox 256 2331 335 2367; x_wconf 92' lang='lat' dir='ltr'>lem</span> <span class='ocrx_word' id='word_1_311' title='bbox 355 2331 422 2368; x_wconf 92' lang='lat' dir='ltr'>vel</span> <span class='ocrx_word' id='word_1_312' title='bbox 450 2331 676 2377; x_wconf 89' lang='lat' dir='ltr'>specialem</span> <span class='ocrx_word' id='word_1_313' title='bbox 685 2340 693 2376; x_wconf 90' lang='lat'>;</span> <span class='ocrx_word' id='word_1_314' title='bbox 721 2331 955 2369; x_wconf 89' lang='lat' dir='ltr'>accidentia</span> <span class='ocrx_word' id='word_1_315' title='bbox 976 2341 1077 2368; x_wconf 90' lang='lat' dir='ltr'>vero</span> <span class='ocrx_word' id='word_1_316' title='bbox 1098 2333 1139 2369; x_wconf 90' lang='lat' dir='ltr'>et</span> <span class='ocrx_word' id='word_1_317' title='bbox 1161 2331 1421 2369; x_wconf 88' lang='lat' dir='ltr'>differentias</span> <span class='ocrx_word' id='word_1_318' title='bbox 1443 2333 1609 2377; x_wconf 89' lang='lat' dir='ltr'>sumpta</span> <span class='ocrx_word' id='word_1_319' title='bbox 1629 2333 1789 2367; x_wconf 92' lang='lat' dir='ltr'>tantum</span> <span class='ocrx_word' id='word_1_320' title='bbox 1810 2340 1933 2367; x_wconf 88' lang='lat' dir='ltr'>voca-</span> 
     </span>
     <span class='ocr_line' id='line_1_34' title="bbox 257 2396 1818 2443; baseline 0 -11"><span class='ocrx_word' id='word_1_321' title='bbox 257 2396 353 2433; x_wconf 91' lang='lat' dir='ltr'>bula</span> <span class='ocrx_word' id='word_1_322' title='bbox 379 2396 564 2436; x_wconf 84' lang='lat' dir='ltr'>dicimus.</span> <span class='ocrx_word' id='word_1_323' title='bbox 592 2406 751 2443; x_wconf 88' lang='lat' dir='ltr'>genera</span> <span class='ocrx_word' id='word_1_324' title='bbox 777 2400 916 2434; x_wconf 91' lang='lat' dir='ltr'>autem</span> <span class='ocrx_word' id='word_1_325' title='bbox 944 2398 1011 2434; x_wconf 93' lang='lat' dir='ltr'>vel</span> <span class='ocrx_word' id='word_1_326' title='bbox 1039 2398 1204 2443; x_wconf 88' lang='lat' dir='ltr'>species</span> <span class='ocrx_word' id='word_1_327' title='bbox 1232 2399 1392 2434; x_wconf 89' lang='lat' dir='ltr'>tantum</span> <span class='ocrx_word' id='word_1_328' title='bbox 1421 2397 1685 2433; x_wconf 89' lang='lat' dir='ltr'>substantiva</span> <span class='ocrx_word' id='word_1_329' title='bbox 1713 2398 1818 2433; x_wconf 93' lang='lat' dir='ltr'>sunt.</span> 
     </span>
     <span class='ocr_line' id='line_1_35' title="bbox 399 2460 1932 2507; baseline -0.001 -10"><span class='ocrx_word' id='word_1_330' title='bbox 399 2460 481 2497; x_wconf 93' lang='lat' dir='ltr'>Sed</span> <span class='ocrx_word' id='word_1_331' title='bbox 509 2463 550 2497; x_wconf 92' lang='lat' dir='ltr'>et</span> <span class='ocrx_word' id='word_1_332' title='bbox 570 2461 691 2498; x_wconf 91' lang='lat' dir='ltr'>nobis</span> <span class='ocrx_word' id='word_1_333' title='bbox 712 2461 894 2498; x_wconf 89' lang='lat' dir='ltr'>fortasse</span> <span class='ocrx_word' id='word_1_334' title='bbox 916 2463 1214 2507; x_wconf 86' lang='lat' dir='ltr'>opponetur.</span> <span class='ocrx_word' id='word_1_335' title='bbox 1243 2462 1353 2506; x_wconf 92' lang='lat' dir='ltr'>quod</span> <span class='ocrx_word' id='word_1_336' title='bbox 1374 2470 1504 2507; x_wconf 89' lang='lat' dir='ltr'>saepe</span> <span class='ocrx_word' id='word_1_337' title='bbox 1519 2461 1734 2507; x_wconf 88' lang='lat' dir='ltr'>contingat</span> <span class='ocrx_word' id='word_1_338' title='bbox 1755 2461 1932 2497; x_wconf 89' lang='lat' dir='ltr'>eandem</span> 
     </span>
     <span class='ocr_line' id='line_1_36' title="bbox 201 2526 1933 2573; baseline -0.001 -10"><span class='ocrx_word' id='word_1_339' title='bbox 201 2537 237 2563; x_wconf 80' lang='lat'>35</span> <span class='ocrx_word' id='word_1_340' title='bbox 258 2535 405 2564; x_wconf 89' lang='lat' dir='ltr'>vocem</span> <span class='ocrx_word' id='word_1_341' title='bbox 432 2526 472 2563; x_wconf 92' lang='lat' dir='ltr'>in</span> <span class='ocrx_word' id='word_1_342' title='bbox 500 2526 582 2563; x_wconf 90' lang='lat' dir='ltr'>alia</span> <span class='ocrx_word' id='word_1_343' title='bbox 609 2528 650 2563; x_wconf 91' lang='lat' dir='ltr'>et</span> <span class='ocrx_word' id='word_1_344' title='bbox 676 2527 758 2563; x_wconf 89' lang='lat' dir='ltr'>alia</span> <span class='ocrx_word' id='word_1_345' title='bbox 785 2526 1093 2573; x_wconf 88' lang='lat' dir='ltr'>significatione</span> <span class='ocrx_word' id='word_1_346' title='bbox 1115 2527 1396 2563; x_wconf 86' lang='lat' dir='ltr'>universalem</span> <span class='ocrx_word' id='word_1_347' title='bbox 1418 2535 1515 2563; x_wconf 91' lang='lat' dir='ltr'>esse</span> <span class='ocrx_word' id='word_1_348' title='bbox 1543 2528 1584 2562; x_wconf 93' lang='lat' dir='ltr'>et</span> <span class='ocrx_word' id='word_1_349' title='bbox 1611 2526 1863 2572; x_wconf 88' lang='lat' dir='ltr'>singularem</span> <span class='ocrx_word' id='word_1_350' title='bbox 1893 2528 1933 2562; x_wconf 93' lang='lat' dir='ltr'>et</span> 
     </span>
     <span class='ocr_line' id='line_1_37' title="bbox 258 2591 1932 2639; baseline 0 -12"><span class='ocrx_word' id='word_1_351' title='bbox 258 2601 401 2628; x_wconf 88' lang='lat' dir='ltr'>rursus</span> <span class='ocrx_word' id='word_1_352' title='bbox 428 2591 606 2629; x_wconf 88' lang='lat' dir='ltr'>eandem</span> <span class='ocrx_word' id='word_1_353' title='bbox 632 2601 766 2639; x_wconf 90' lang='lat' dir='ltr'>genus</span> <span class='ocrx_word' id='word_1_354' title='bbox 794 2601 889 2630; x_wconf 91' lang='lat' dir='ltr'>esse</span> <span class='ocrx_word' id='word_1_355' title='bbox 916 2593 983 2629; x_wconf 93' lang='lat' dir='ltr'>vel</span> <span class='ocrx_word' id='word_1_356' title='bbox 1011 2593 1195 2638; x_wconf 90' lang='lat' dir='ltr'>speciem</span> <span class='ocrx_word' id='word_1_357' title='bbox 1224 2594 1265 2629; x_wconf 92' lang='lat' dir='ltr'>et</span> <span class='ocrx_word' id='word_1_358' title='bbox 1298 2592 1577 2629; x_wconf 89' lang='lat' dir='ltr'>differentiam</span> <span class='ocrx_word' id='word_1_359' title='bbox 1609 2601 1706 2628; x_wconf 91' lang='lat' dir='ltr'>esse</span> <span class='ocrx_word' id='word_1_360' title='bbox 1734 2592 1799 2628; x_wconf 90' lang='lat' dir='ltr'>vel</span> <span class='ocrx_word' id='word_1_361' title='bbox 1828 2591 1932 2627; x_wconf 89' lang='lat' dir='ltr'>acci-</span> 
     </span>
     <span class='ocr_line' id='line_1_38' title="bbox 259 2655 1932 2704; baseline -0.001 -11"><span class='ocrx_word' id='word_1_362' title='bbox 259 2656 373 2693; x_wconf 90' lang='lat' dir='ltr'>dens.</span> <span class='ocrx_word' id='word_1_363' title='bbox 423 2655 543 2694; x_wconf 91' lang='lat' dir='ltr'>Unde</span> <span class='ocrx_word' id='word_1_364' title='bbox 571 2666 649 2694; x_wconf 93' lang='lat' dir='ltr'>nec</span> <span class='ocrx_word' id='word_1_365' title='bbox 670 2667 747 2694; x_wconf 92' lang='lat' dir='ltr'>nos</span> <span class='ocrx_word' id='word_1_366' title='bbox 767 2667 844 2703; x_wconf 91' lang='lat' dir='ltr'>per</span> <span class='ocrx_word' id='word_1_367' title='bbox 863 2658 1093 2704; x_wconf 88' lang='lat' dir='ltr'>simplicem</span> <span class='ocrx_word' id='word_1_368' title='bbox 1112 2658 1386 2694; x_wconf 89' lang='lat' dir='ltr'>remotionem</span> <span class='ocrx_word' id='word_1_369' title='bbox 1409 2658 1485 2694; x_wconf 89' lang='lat' dir='ltr'>has</span> <span class='ocrx_word' id='word_1_370' title='bbox 1507 2657 1766 2693; x_wconf 86' lang='lat' dir='ltr'>differentias</span> <span class='ocrx_word' id='word_1_371' title='bbox 1787 2666 1932 2702; x_wconf 89' lang='lat' dir='ltr'>possu—</span> 
     </span>
     <span class='ocr_line' id='line_1_39' title="bbox 259 2722 1931 2768; baseline -0.001 -9"><span class='ocrx_word' id='word_1_372' title='bbox 259 2732 350 2759; x_wconf 91' lang='lat' dir='ltr'>mus</span> <span class='ocrx_word' id='word_1_373' title='bbox 376 2722 580 2768; x_wconf 80' lang='lat' dir='ltr'>accipere,</span> <span class='ocrx_word' id='word_1_374' title='bbox 607 2724 651 2760; x_wconf 93' lang='lat' dir='ltr'>ut</span> <span class='ocrx_word' id='word_1_375' title='bbox 672 2723 832 2760; x_wconf 91' lang='lat' dir='ltr'>scilicet</span> <span class='ocrx_word' id='word_1_376' title='bbox 858 2723 1044 2761; x_wconf 87' lang='lat' dir='ltr'>dicamus</span> <span class='ocrx_word' id='word_1_377' title='bbox 1071 2733 1218 2760; x_wconf 90' lang='lat' dir='ltr'>vocem</span> <span class='ocrx_word' id='word_1_378' title='bbox 1247 2723 1527 2760; x_wconf 89' lang='lat' dir='ltr'>universalem</span> <span class='ocrx_word' id='word_1_379' title='bbox 1552 2723 1662 2759; x_wconf 94' lang='lat' dir='ltr'>nullo</span> <span class='ocrx_word' id='word_1_380' title='bbox 1690 2722 1812 2758; x_wconf 91' lang='lat' dir='ltr'>modo</span> <span class='ocrx_word' id='word_1_381' title='bbox 1835 2731 1931 2758; x_wconf 92' lang='lat' dir='ltr'>esse</span> 
     </span>
     <span class='ocr_line' id='line_1_40' title="bbox 259 2787 1338 2835; baseline 0.001 -12"><span class='ocrx_word' id='word_1_382' title='bbox 259 2787 513 2834; x_wconf 86' lang='lat' dir='ltr'>singularem</span> <span class='ocrx_word' id='word_1_383' title='bbox 541 2798 619 2825; x_wconf 89' lang='lat' dir='ltr'>nec</span> <span class='ocrx_word' id='word_1_384' title='bbox 646 2789 873 2835; x_wconf 88' lang='lat' dir='ltr'>specialem</span> <span class='ocrx_word' id='word_1_385' title='bbox 900 2798 996 2826; x_wconf 90' lang='lat' dir='ltr'>esse</span> <span class='ocrx_word' id='word_1_386' title='bbox 1024 2789 1338 2826; x_wconf 89' lang='lat' dir='ltr'>accidentalem.</span> 
     </span>
     <span class='ocr_line' id='line_1_41' title="bbox 204 2853 1931 2900; baseline 0 -11"><span class='ocrx_word' id='word_1_387' title='bbox 204 2868 240 2894; x_wconf 75' lang='grc' dir='ltr'>ω</span> <span class='ocrx_word' id='word_1_388' title='bbox 402 2853 470 2889; x_wconf 86' lang='lat' dir='ltr'>Ad</span> <span class='ocrx_word' id='word_1_389' title='bbox 498 2854 626 2899; x_wconf 93' lang='lat' dir='ltr'>quod</span> <span class='ocrx_word' id='word_1_390' title='bbox 654 2855 1019 2900; x_wconf 87' lang='lat' dir='ltr'>respondemus</span> <span class='ocrx_word' id='word_1_391' title='bbox 1047 2855 1145 2891; x_wconf 92' lang='lat' dir='ltr'>illud</span> <span class='ocrx_word' id='word_1_392' title='bbox 1172 2855 1282 2900; x_wconf 92' lang='lat' dir='ltr'>quod</span> <span class='ocrx_word' id='word_1_393' title='bbox 1310 2853 1518 2894; x_wconf 87' lang='lat' dir='ltr'>convenit.</span> <span class='ocrx_word' id='word_1_394' title='bbox 1547 2853 1657 2899; x_wconf 91' lang='lat' dir='ltr'>quod</span> <span class='ocrx_word' id='word_1_395' title='bbox 1686 2853 1751 2890; x_wconf 91' lang='lat' dir='ltr'>hic</span> <span class='ocrx_word' id='word_1_396' title='bbox 1778 2862 1931 2890; x_wconf 88' lang='lat' dir='ltr'>voces</span> 
     </span>
    </p>
   </div>
   <div class='ocr_carea' id='block_1_3' title="bbox 403 2970 698 3004">
    <p class='ocr_par' dir='ltr' id='par_1_3' title="bbox 403 2970 698 3004">
     <span class='ocr_line' id='line_1_42' title="bbox 403 2970 698 3004; baseline 0.003 -2"><span class='ocrx_word' id='word_1_397' title='bbox 403 2971 445 3003; x_wconf 88' lang='lat'>30</span> <span class='ocrx_word' id='word_1_398' title='bbox 473 2970 642 3004; x_wconf 90' lang='lat' dir='ltr'>volumus</span> <span class='ocrx_word' id='word_1_399' title='bbox 670 2970 698 3003; x_wconf 82' lang='lat' dir='ltr'><strong><em>A</em></strong></span> 
     </span>
    </p>
   </div>
   <div class='ocr_carea' id='block_1_4' title="bbox 260 3047 1932 3149">
    <p class='ocr_par' dir='ltr' id='par_1_4' title="bbox 260 3047 1932 3149">
     <span class='ocr_line' id='line_1_43' title="bbox 402 3047 1932 3090; baseline 0.001 -10"><span class='ocrx_word' id='word_1_400' title='bbox 402 3047 412 3069; x_wconf 94' lang='lat'>¹</span> <span class='ocrx_word' id='word_1_401' title='bbox 442 3048 493 3081; x_wconf 77' lang='lat' dir='ltr'>Cr.</span> <span class='ocrx_word' id='word_1_402' title='bbox 522 3048 627 3081; x_wconf 74' lang='lat' dir='ltr'>infra</span> <span class='ocrx_word' id='word_1_403' title='bbox 653 3047 753 3081; x_wconf 76' lang='lat' dir='ltr'>Petri</span> <span class='ocrx_word' id='word_1_404' title='bbox 778 3048 907 3081; x_wconf 76' lang='lat' dir='ltr'>Abael.</span> <span class='ocrx_word' id='word_1_405' title='bbox 937 3049 1096 3082; x_wconf 82' lang='lat' dir='ltr'>Glossas</span> <span class='ocrx_word' id='word_1_406' title='bbox 1121 3056 1238 3090; x_wconf 78' lang='lat' dir='ltr'>super</span> <span class='ocrx_word' id='word_1_407' title='bbox 1258 3048 1390 3081; x_wconf 73' lang='lat' dir='ltr'>praed.</span> <span class='ocrx_word' id='word_1_408' title='bbox 1419 3049 1456 3081; x_wconf 77' lang='lat' dir='ltr'>in</span> <span class='ocrx_word' id='word_1_409' title='bbox 1485 3048 1652 3081; x_wconf 81' lang='lat' dir='ltr'>secunda</span> <span class='ocrx_word' id='word_1_410' title='bbox 1676 3050 1790 3090; x_wconf 80' lang='lat' dir='ltr'>parte</span> <span class='ocrx_word' id='word_1_411' title='bbox 1816 3048 1932 3081; x_wconf 82' lang='lat' dir='ltr'>huius</span> 
     </span>
     <span class='ocr_line' id='line_1_44' title="bbox 260 3107 848 3149; baseline 0 -9"><span class='ocrx_word' id='word_1_412' title='bbox 260 3107 388 3149; x_wconf 51' lang='lat' dir='ltr'>operis</span> <span class='ocrx_word' id='word_1_413' title='bbox 413 3107 466 3140; x_wconf 84' lang='lat' dir='ltr'>ad</span> <span class='ocrx_word' id='word_1_414' title='bbox 490 3107 640 3140; x_wconf 78' lang='lat' dir='ltr'>Boethii</span> <span class='ocrx_word' id='word_1_415' title='bbox 666 3116 699 3148; x_wconf 91' lang='lat' dir='ltr'>p.</span> <span class='ocrx_word' id='word_1_416' title='bbox 731 3107 794 3140; x_wconf 81' lang='lat'>184</span> <span class='ocrx_word' id='word_1_417' title='bbox 811 3107 848 3140; x_wconf 92' lang='grc' dir='ltr'>Β.</span> 
     </span>
    </p>
   </div>
  </div>
 </body>
</html>
