2200 3387
520 222 545 251 1.
578 221 640 252 ilii·
669 221 823 251 (ilossvn
854 229 895 251 zu
928 220 1147 259 Porphyrius
1262 220 1310 250 ΙΝ·
1339 221 1669 252 voniniunitntinvs.
1868 217 1931 251 1⁰23

252 317 350 353 dicit
377 326 492 353 suam
523 317 868 362 significationem
902 327 980 351 non
1011 316 1253 360 simpliciter
1281 327 1374 351 esse
1403 317 1655 361 qualitatem.
1693 317 1728 353 id
1759 320 1821 352 est
1850 327 1928 352 non

256 382 421 427 proprie
451 383 590 418 vocari
621 382 786 418 nomine
815 381 1035 426 qualitatis.
1065 381 1137 416 sed
1170 381 1282 416 velut
1310 382 1487 425 qualitas
1517 382 1595 417 (lici
1625 386 1761 427 potest
1789 392 1932 417 secun-

248 447 345 482 ·(lu¹n
385 448 461 483 hoc
489 448 598 492 quod
627 450 691 482 cst
728 457 795 482 res
831 446 999 490 generis
1037 447 1189 481 affecta
1225 446 1501 490 qualitatibus.
1557 447 1601 482 Et
1638 448 1714 482 hoc
1753 451 1833 482 est:
1873 459 1931 481 se-

251 513 436 547 eundum
467 513 584 557 quod
608 513 754 555 (ymeri
781 512 1052 546 mlvenivules
1080 511 1346 546 differentiae
1372 514 1448 547 etc.
1502 512 1546 547 lit
1577 516 1708 548 nota.
1738 512 1845 556 quod
1876 513 1929 547 vi-

214 584 229 606 Γ»
252 578 371 613 detur
400 577 705 623 Porphyrius
744 577 1033 612 contradicere
1064 576 1293 612 Boethio.
1333 576 1399 620 qui
1440 577 1536 612 (licit
1577 587 1728 621 super
1764 578 1929 617 Quali-

194 1240 226 1265 15

190 1567 225 1593 2ο

251 646 424 678 tatem¹
461 643 594 687 quale.
631 642 707 677 hoc
743 651 905 679 nomen.
935 641 1153 686 dupliciter
1180 642 1296 678 sumi,
1336 642 1409 677 scd
1452 642 1630 686 qualitas
1672 652 1751 677 uno
1795 643 1927 677 modo.

250 706 330 743 Sed
355 717 433 743 non
464 710 537 744 est.
566 707 662 752 quia
686 707 993 751 Porphyrius
1015 712 1145 745 <non2
1169 707 1266 742 dicit
1289 707 1565 751 ,qualitatemz
1592 708 1665 743 sed
1690 708 1811 744 „velut
1834 717 1929 752 qua-

252 770 428 808 litatem.
481 772 689 816 Amplius:
744 773 901 817 ,Saepe
938 771 1034 807 dicit
1076 774 1244 816 propter
1282 772 1371 807 illas
1413 773 1672 808 differentias
1712 782 1819 817 quae
1861 773 1926 808 uni

250 839 404 873 tantum
433 837 735 882 specialissimo
773 837 1037 873 conveniunt.
1073 838 1230 881 speeies
1269 848 1376 876 vero.
1414 838 1571 874 scilicet
1609 838 1923 883 specialissima.

250 903 449 947 Amplius·
470 902 724 942 ‹lissei-emta,
746 902 783 938 id
807 905 886 938 est:
911 902 1040 947 prima
1063 906 1126 938 est
1154 905 1348 947 respectu
1378 903 1532 948 speciei
1562 913 1683 947 quam
1715 903 1927 939 constituit

246 967 472 1003 secundum
501 967 862 1013 significationem.
917 967 1023 1004 Vere
1053 970 1117 1004 est
1139 968 1251 1012 prior
1272 968 1426 1013 specie.
1455 968 1549 1012 quia
1572 969 1649 1005 hoc
1673 969 1794 1004 modo
1817 968 1925 1013 quod

247 1032 384 1067 ablata
405 1032 540 1068 aufert
561 1033 744 1077 speciem
768 1033 1024 1069 necessario.
1048 1033 1122 1068 sed
1145 1042 1226 1068 non
1249 1033 1435 1069 aufertur
1456 1034 1594 1070 ablata
1617 1034 1769 1079 specie.
1808 1034 1924 1074 Quod

246 1097 427 1133 ostendit
454 1097 493 1132 in
522 1097 708 1142 partibus
737 1097 901 1134 dicens:
929 1098 1070 1133 Simul
1097 1099 1210 1133 enim
1242 1100 1318 1134 etc.
1371 1098 1572 1143 Amplz'us
1599 1099 1854 1138 differentia,
1883 1098 1920 1134 id

246 1165 310 1198 est
338 1172 417 1199 res.
447 1165 618 1208 propter
644 1172 766 1208 quam
796 1162 1085 1198 differentialis
1108 1173 1190 1199 vox
1217 1164 1414 1200 convenit
1443 1174 1493 1200 eo
1530 1164 1652 1200 modo
1683 1164 1791 1209 quod
1822 1174 1924 1200 voce

248 1227 510 1264 differentiali
547 1227 814 1272 significatur.
852 1230 893 1263 ut
927 1228 1126 1264 adiacens
1162 1229 1320 1265 scilicet
1357 1230 1578 1265 coniuncta
1616 1232 1680 1265 est
1713 1239 1804 1265 cum
1843 1230 1924 1266 alia

245 1293 481 1329 differentia
510 1293 547 1328 in
578 1293 719 1338 specie
748 1293 839 1338 ipsa
867 1303 989 1338 quam
1026 1294 1258 1341 informant,
1294 1295 1351 1330 ita
1387 1295 1551 1339 quidem
1588 1295 1697 1339 quod
1735 1295 1923 1340 singulae

246 1358 508 1394 differentiae
537 1361 665 1394 totam
694 1359 877 1403 speciem
914 1359 953 1394 in
983 1368 1063 1403 qua
1097 1362 1202 1397 sunt.
1237 1360 1445 1405 accipiant
1480 1360 1751 1396 informando.
1806 1361 1922 1401 Quod

246 1423 381 1459 statim
412 1423 450 1459 in
481 1424 665 1468 partibus
694 1424 958 1460 differentiae
987 1425 1170 1460 ostendit
1198 1423 1357 1461 dicens:
1388 1425 1627 1465 Ratifflmle.
1655 1425 1692 1461 id
1716 1428 1779 1461 est
1802 1426 1922 1462 ratio-

248 1489 394 1524 nalitas
421 1492 495 1524 etc.
548 1490 713 1533 Sper-ies
742 1500 849 1529 vero,
884 1489 921 1525 id
951 1492 1015 1525 est
1044 1500 1111 1526 res
1140 1490 1334 1535 specialis
1370 1490 1548 1527 nominis
1578 1490 1804 1527 secundum
1844 1491 1922 1527 hoc

246 1554 354 1599 quod
384 1564 408 1589 a
435 1554 577 1598 specie
606 1553 860 1599 designatur.
896 1555 1053 1591 scilicet
1082 1555 1121 1590 in
1151 1555 1348 1593 essentia.
1386 1566 1466 1592 non
1497 1556 1535 1591 in
1564 1556 1811 1592 adiacentia.
1842 1566 1920 1592 non

245 1619 440 1655 convenit
468 1619 507 1655 in
536 1619 674 1664 aliqua
702 1629 746 1656 re
774 1629 866 1656 cum
894 1620 1031 1664 aliqua
1058 1620 1199 1665 specie
1227 1621 1267 1656 id
1295 1623 1359 1657 est
1385 1630 1477 1657 cum
1502 1631 1545 1657 rc
1569 1621 1738 1657 alterius
1765 1622 1920 1666 speciei

245 1684 413 1720 diversa
439 1695 464 1720 a
492 1694 538 1720 se
566 1685 858 1723 essentialiter.
887 1685 943 1721 ita
970 1685 1131 1722 scilicet
1162 1688 1203 1722 ut
1231 1688 1358 1722 totam
1388 1687 1497 1722 illam
1526 1697 1611 1723 rem
1641 1687 1922 1723 essentialiter

246 1759 312 1785 res
356 1749 608 1794 singularum
647 1750 882 1795 specierum
929 1754 1145 1795 occupent.
1184 1752 1309 1788 veluti
1347 1751 1416 1797 [si]
1454 1752 1573 1788 huius
1613 1752 1791 1788 hominis
1829 1753 1921 1788 sub-

245 1815 409 1850 stantia.
440 1815 544 1851 sicut
572 1817 660 1851 tota
688 1817 751 1851 est
773 1816 951 1851 formata
974 1816 1253 1853 rationalitate
1277 1820 1316 1852 et
1338 1817 1601 1854 mortalitate.
1624 1827 1732 1863 quae
1754 1818 1917 1863 quidem

190 1881 402 1918 -.·.-.1'ormae
433 1881 714 1916 essentialiter
741 1883 836 1916 sunt
864 1881 1069 1917 diversae.
1123 1883 1342 1925 Quaedam
1373 1883 1499 1918 enim.
1554 1883 1661 1919 Vere
1696 1893 1763 1919 res
1799 1884 1919 1919 unius

186 2221 221 2244 30

186 2544 220 2567 :35

191 2867 220 2890 ‘il

242 1945 397 1990 speciei
427 1955 517 1981 cum
547 1954 590 1981 re
619 1945 789 1982 alterius
818 1956 900 1982 non
929 1947 1125 1982 convenit
1153 1947 1190 1982 in
1222 1948 1369 1984 eadem
1399 1948 1643 1984 substantia.
1667 1949 1763 1993 quia
1785 1958 1916 1994 equus

243 2012 282 2045 et
309 2010 452 2046 asinus
481 2011 521 2046 in
542 2011 662 2046 mulo.
716 2012 747 2046 Α
771 2012 956 2056 partibus
979 2012 1030 2048 de
1052 2012 1200 2057 quibus
1223 2013 1354 2058 magis
1375 2013 1548 2051 videtur.
1579 2023 1651 2058 pro
1675 2023 1724 2050 eo
1748 2015 1916 2051 scilicet.

242 2076 348 2120 quia,
383 2078 425 2111 ut
452 2075 540 2120 ipse
573 2076 833 2113 determinat,
864 2086 938 2121 per
969 2080 1206 2122 corruptum
1247 2079 1568 2115 commiscentur
1601 2089 1732 2124 equus
1766 2082 1806 2115 et
1840 2080 1918 2115 asi-

242 2149 318 2175 nus
346 2139 396 2175 ad
431 2140 716 2184 generandum
753 2141 915 2177 mulum.
970 2141 1086 2178 Unde
1124 2142 1243 2178 simul
1282 2152 1349 2178 res
1388 2152 1495 2187 quae
1534 2153 1666 2188 equus
1707 2146 1747 2179 et
1774 2144 1916 2180 asinus

242 2208 315 2240 est.
362 2205 400 2240 in
454 2205 686 2241 substantia
733 2206 828 2242 muli
867 2207 1137 2243 materialiter
1182 2217 1277 2244 esse
1325 2208 1498 2244 videtur.
1571 2209 1688 2249 Quod
1731 2212 1917 2245 removet

241 2269 385 2305 dicens
413 2271 620 2314 quandam
650 2280 799 2315 equam
830 2271 1068 2316 permisceri
1100 2282 1176 2317 per
1208 2275 1445 2318 corruptum
1483 2274 1645 2310 cuidam
1674 2274 1804 2311 asin0.
1842 2275 1914 2310 sed

242 2337 378 2370 tamen
428 2345 665 2380 nuntqnam
715 2336 883 2372 omnino
937 2348 1070 2382 equus
1115 2339 1367 2374 (Όηυνηίιής
1411 2339 1537 2375 asim>
1573 2340 1839 2384 .s·1‘111pl1'(·1'lc'r.
1877 2340 1913 2375 id

241 2402 305 2435 est
333 2400 512 2436 totaliter
539 2402 580 2436 ct
607 2401 779 2446 integre,
815 2403 1004 2446 pei-slve'e!
1036 2404 1201 2438 mulum
1233 2404 1526 2440 constituendo
1565 2405 1696 2449 ipsum
1727 2406 1915 2441 materia-

241 2464 343 2500 liter.
396 2464 513 2505 Quod
541 2468 679 2502 autem
707 2466 864 2503 addidit
898 2468 1172 2513 simpliciter:
1208 2469 1301 2505 ideo
1335 2470 1443 2507 fecit.
1479 2470 1574 2514 quia
1608 2471 1914 2515 quodammodo

241 2538 372 2574 equus
401 2532 441 2566 ct
468 2529 611 2566 asinus
639 2531 677 2566 in
708 2532 815 2568 mulo
845 2533 922 2569 dici
952 2536 1134 2578 possent.
1162 2535 1390 2570 secundum
1414 2535 1490 2571 hoc
1513 2536 1671 2571 scilicet
1692 2537 1800 2580 quod
1824 2537 1914 2572 sub-

241 2595 393 2630 stantia
427 2595 533 2631 muli.
569 2596 674 2632 sicut
702 2598 903 2642 quasdam
943 2608 1085 2634 eorum
1116 2600 1153 2635 in
1194 2610 1239 2635 se
1275 2600 1545 2637 materialiter
1585 2601 1720 2638 habet.
1762 2601 1816 2637 ita
1861 2612 1912 2637 ex

241 2659 424 2704 utrisque
453 2661 650 2704 quasdam
681 2665 850 2698 naturas
878 2663 1038 2701 retinet,
1076 2665 1148 2700 sed
1187 2675 1267 2701 non
1297 2666 1363 2703 ita.
1402 2668 1443 2701 ut
1481 2666 1643 2711 integer
1679 2676 1810 2711 equus
1848 2667 1910 2702 vel

240 2723 382 2759 asinus
411 2725 571 2771 integer
599 2726 637 2762 in
660 2736 710 2762 eo
734 2728 1006 2773 reperiantur.
1037 2740 1113 2765 nec
1141 2731 1384 2775 simpliciter
1410 2734 1450 2766 et
1478 2732 1643 2776 proprie
1667 2732 1744 2767 dici
1775 2735 1912 2775 potest

241 2789 401 2824 asinum
437 2792 478 2825 et
521 2800 669 2835 equum
708 2793 745 2827 in
786 2793 894 2829 mulo
932 2795 1170 2831 convenire.
1217 2796 1368 2840 quippe
1407 2806 1486 2831 non
1527 2796 1649 2832 etiam
1690 2807 1739 2832 ea
1778 2797 1909 2841 portio

241 2863 347 2897 quae
376 2864 428 2889 cx
456 2855 576 2891 asina
604 2856 655 2891 ibi
684 2859 759 2894 est.
787 2858 929 2894 asinus
959 2861 1032 2894 est.
1087 2859 1201 2895 Hanc
1228 2863 1364 2896 autem
1392 2861 1641 2897 sententiam
1672 2861 1910 2897 Boethius

383 2979 401 3005 Η
430 2985 500 3007 uno
528 2977 552 3008 A
675 2980 693 3008 §l
722 2979 992 3018 specialissima
1021 2982 1046 3012 Α
1171 2983 1209 3012 123
1239 2982 1361 3013 Simile
1390 2982 1417 3013 A
1538 2984 1574 3014 14
1605 2993 1649 3014 eo
1678 2984 1773 3023 quod
1804 2984 1910 3016 modo

241 3042 312 3073 quo
340 3034 365 3066 Α
469 3035 510 3066 25
535 3035 679 3074 quidum
710 3037 835 3069 Boeth.
937 3038 979 3069 2⁸
1007 3042 1145 3071 coi-tum
1175 3040 1199 3071 ,l
1304 3041 1342 3071 31
1377 3041 1555 3080 quaedam
1587 3042 1768 3082 quandam
1797 3043 1821 3074 A

384 3105 390 3125 ¹
423 3106 580 3140 Boeth..
612 3107 652 3139 1η
683 3109 817 3146 Fama..
848 3117 880 3148 p.
910 3109 1028 3141 2:3915.
