2200 3387
349 250 393 285 (58
759 250 864 284 Peter
893 248 1096 284 Abaelards
1124 251 1258 292 Logica
1285 246 1607 291 ,Ingredientibus‘.

351 350 472 385 inodo
510 350 732 386 diversum,
772 349 868 384 illud
903 348 967 384 cui
1007 348 1157 386 insunt,
1197 348 1270 383 sed
1311 349 1448 383 tamen
1489 347 1666 383 diversis
1705 347 1847 383 modis.
1899 346 2011 387 Quos

350 415 495 449 modos
523 414 658 449 statim
689 413 898 459 distinguit
932 413 1074 449 dicens
1110 413 1197 448 has
1234 413 1291 447 ita
1325 411 1464 448 facere
1501 412 1720 453 diversum,
1757 412 1866 456 quod
1903 411 2011 448 aliud

349 479 514 515 faciunt,
563 478 676 514 illas
710 487 810 513 vero
848 477 1026 513 minime.
1101 476 1166 513 Sic
1202 470 1325 512 infert
1361 486 1385 512 a
1424 476 1626 521 partibus:
1668 476 2010 521 Quandoquidem

350 545 430 579 tam
460 543 688 579 communis
717 542 951 578 differentia
973 551 1093 587 quam
1122 541 1289 586 propria
1309 544 1480 586 <quam>
1501 541 1632 587 magis
1660 541 1828 586 propria
1854 541 2012 581 alterat,

350 607 387 643 id
416 610 479 643 est
507 607 770 645 diversificat.
799 617 898 651 ergo
927 606 1060 642 omnis
1088 604 1333 642 differentia.
1386 606 1623 641 Alleralnm
1652 606 1805 648 solum,
1840 605 1918 641 hoc
1949 607 2013 641 est
2033 614 2048 638 5

349 681 431 707 non
467 671 591 707 etiam
625 671 733 707 aliud
773 670 1112 706 substantialiter.
1164 669 1232 705 Est
1270 671 1407 705 autem
1449 669 1568 709 ,aliud
1609 674 1715 705 esse*
1756 669 1865 705 idem
1904 669 2013 714 quod

350 736 528 774 differre
556 736 720 781 specie:
772 735 889 771 Unde
917 734 1112 771 Socrates
1140 744 1164 770 a
1197 734 1366 770 Platone
1403 734 1507 770 alius
1544 733 1820 779 personaliter
1855 734 2011 775 dicitur,

349 802 423 838 sed
452 812 533 837 non
562 802 669 837 aliud
699 800 1037 838 substantialiter,
1075 808 1165 835 cum
1194 799 1462 835 humanitatis
1496 800 1645 835 natura
1678 808 1759 835 non
1794 799 2011 844 discrepet.

353 867 697 902 [)z'ff(¹ren!1'(1.1·e‹m
745 875 854 909 erqo.
917 864 1259 908 Quandoquidem
1306 873 1546 900 communes
1587 865 1627 900 et
1665 864 1859 909 propriae
1899 863 2014 900 diffe-

349 930 508 965 rentiae
524 930 677 965 faciunt
699 930 914 964 alteratum
938 929 1080 968 solum,
1103 928 1233 973 magis
1256 937 1355 963 vero
1378 927 1570 972 propriae
1593 927 1717 963 etiam
1739 927 1848 963 aliud
1869 937 2012 973 genus,
2035 935 2068 960 10

349 994 551 1039 quaedam
588 993 847 1029 differentiae
883 992 1038 1028 faciunt
1073 993 1163 1030 hoc.
1200 992 1403 1037 quaedam
1442 992 1549 1028 illud.
1601 993 1634 1027 Α
1662 992 1856 1037 partibus.
1908 992 2013 1028 Illae

348 1068 458 1099 vero,
486 1068 595 1103 quae
621 1058 866 1099 alteratum,
893 1058 1024 1093 solum
1054 1057 1221 1098 scilicet,
1248 1057 1414 1095 faciunt.
1449 1057 1638 1092 dicuntur
1664 1057 1873 1102 simplices
1901 1056 2013 1093 diffe-

349 1122 520 1160 rentiae.
555 1123 633 1159 hoc
661 1125 725 1159 est
752 1132 833 1158 non
862 1122 985 1158 etiam
1014 1122 1053 1157 in
1083 1122 1356 1157 substantiam
1385 1121 1541 1166 speciei
1562 1123 1868 1166 promoventes.
1914 1122 2013 1157 Am·-

349 1187 456 1224 mali
484 1188 609 1223 (ηιὶηι.
661 1187 703 1223 ln
731 1187 917 1232 partibus
945 1186 1128 1222 ostendit
1161 1186 1419 1222 differentias
1455 1186 1659 1222 facientes
1699 1186 1807 1221 aliud
1843 1186 1884 1221 et
1916 1185 2014 1221 faci-

349 1255 467 1289 entes
495 1253 624 1289 solum
663 1253 891 1288 alteratum.
945 1252 1191 1287 Differentz'a
1231 1251 1474 1293 rationalis,
1508 1251 1549 1286 id
1586 1252 1648 1286 est
1687 1250 1922 1286 differentia
1955 1250 2012 1286 fa·
2035 1259 2065 1283 15

349 1318 464 1354 ciens
500 1318 714 1355 rationale.
749 1326 855 1362 quae
891 1318 954 1352 est
986 1316 1258 1352 rationalitas.
1317 1316 1364 1351 E!
1397 1316 1577 1360 speciem
1615 1315 1836 1357 (tn‘imalz‘s,
1874 1315 1914 1350 id
1950 1316 2014 1351 est

348 1393 434 1419 rem
463 1383 619 1428 speciei
646 1382 847 1421 animalis,
875 1391 982 1426 quae
1011 1383 1072 1417 est
1098 1381 1234 1416 homo.

491 1447 672 1488 Quaeri
700 1448 884 1492 potest,
913 1446 1078 1491 quando
1118 1445 1377 1481 rationalitas
1412 1445 1610 1481 advenire
1645 1445 1804 1480 dicatur
1835 1444 2012 1485 animali,

348 1515 480 1549 utrum
511 1513 668 1548 scilicet
696 1512 860 1556 quando
896 1511 935 1546 in
970 1512 1059 1556 ipso
1087 1511 1253 1547 animali
1287 1510 1367 1546 iam
1396 1511 1460 1545 est
1486 1510 1551 1545 vel
1579 1510 1744 1554 quando
1778 1509 1869 1555 ipsa
1894 1509 1934 1545 in
1962 1518 2012 1545 eo

349 1578 530 1614 nondum
560 1578 633 1613 est.
685 1577 736 1612 At
763 1586 863 1612 vero
901 1576 1065 1620 quando
1098 1576 1139 1611 in
1173 1576 1262 1620 ipso
1299 1575 1379 1611 iam
1418 1576 1490 1616 est,
1527 1575 1734 1619 quomodo
1771 1574 1809 1610 ei
1845 1574 2014 1610 advenit
2033 1582 2067 1607 20

349 1645 419 1679 aut
447 1642 652 1687 quomodo
681 1641 863 1686 speciem
890 1640 998 1679 facit.
1028 1650 1134 1685 quae
1171 1640 1251 1676 iam
1281 1641 1344 1675 est
1372 1639 1567 1675 adiuncta
1594 1639 1853 1675 differentiae
1887 1640 2014 1675 mate—

348 1707 464 1743 riae‘?
516 1706 557 1743 Si
592 1706 701 1742 enim
733 1706 779 1741 fit
816 1706 980 1750 aliquid.
1018 1705 1198 1740 nondum
1235 1706 1298 1740 est
1333 1706 1440 1740 teste
1467 1704 1781 1740 Aristotele1.
1834 1703 1951 1744 Quod
1979 1703 2013 1740 si

348 1772 514 1808 animali
542 1771 720 1811 advenit,
749 1771 914 1815 quando
943 1770 983 1806 in
1011 1770 1100 1815 ipso
1138 1780 1220 1805 non
1257 1771 1321 1805 est
1357 1771 1397 1806 et
1433 1771 1529 1805 tunc
1565 1769 1746 1814 speciem
1780 1769 1869 1805 eius
1904 1768 2012 1811 facit,

348 1836 532 1881 profecto
567 1837 664 1870 tunc
691 1834 860 1870 advenit
887 1835 927 1869 et
955 1834 1048 1879 agit,
1084 1833 1249 1878 quando
1278 1833 1444 1868 omnino
1472 1843 1555 1868 non
1583 1834 1657 1869 est.
1708 1832 1835 1868 Extra
1862 1832 2013 1868 animal

349 1901 456 1936 enim
485 1899 743 1936 rationalitas
772 1908 867 1934 esse
895 1902 1025 1939 <non>
1052 1899 1200 1943 potest.
1252 1898 1304 1933 At
1330 1908 1430 1934 vero
1468 1907 1604 1942 neque
1638 1885 1859 1933 adventus*
1877 1906 2012 1942 neque
2032 1905 2067 1930 25

348 1966 455 2002 actio
483 1974 618 2009 neque
646 1965 727 2000 ulla
754 1964 886 1999 forma
914 1964 953 1999 in
981 1973 1031 1999 eo
1060 1963 1169 2007 quod
1197 1963 1362 1999 omnino
1391 1973 1473 1998 non
1502 1964 1573 2004 est,
1608 1972 1703 1998 esse
1731 1964 1880 2007 potest.
1932 1961 2013 1998 Sed

347 2031 528 2066 fortasse
574 2030 605 2065 si
651 2029 959 2065 Platonicam
999 2029 1107 2064 illam
1147 2030 1365 2064 teneamus
1405 2028 1666 2068 sententiam,
1712 2037 1819 2072 quae
1857 2026 2012 2063 formas

349 2104 512 2140 quoque
548 2095 661 2140 ipsas
698 2095 737 2130 in
767 2104 812 2130 se
840 2094 940 2138 ipsis
975 2093 1205 2129 subsistere
1238 2102 1365 2138 posse
1403 2093 1602 2134 concedit,
1636 2093 1796 2128 facilius
1832 2101 1908 2128 nos
1944 2101 2013 2128 ex-

348 2161 574 2206 pediemus.
612 2147 922 2195 Aristoteles
945 2158 1053 2194 enim
1075 2158 1178 2200 <ait>
1198 2158 1452 2194 Platonem
1483 2158 1661 2193 voluisse
1682 2157 1836 2193 formas
1864 2158 1905 2193 et
1930 2165 2013 2192 ma-

347 2225 492 2260 teriam
520 2224 632 2269 prius
661 2224 701 2259 in
729 2233 774 2259 se
803 2223 855 2259 ab
882 2223 1057 2258 invicem
1086 2222 1241 2258 divisas
1268 2222 1505 2257 constitisse
1527 2231 1604 2257 nec
1625 2220 1756 2257 Deum
1777 2220 2011 2266 appellasse
2032 2224 2066 2249 30

348 2291 590 2325 creatorem,
607 2288 680 2323 sed
696 2287 886 2332 opificem
904 2286 944 2322 in
967 2296 1016 2322 eo
1033 2287 1201 2327 tantum,
1224 2286 1331 2331 quod
1352 2286 1508 2321 formas
1530 2285 1729 2321 materiae
1751 2284 2012 2321 conciliasset

348 2353 387 2388 in
427 2353 721 2389 constitutione
759 2362 924 2387 suorum
963 2361 1145 2396 operum.
1199 2352 1316 2392 Quod
1344 2351 1379 2387 si
1405 2361 1550 2387 verum
1577 2351 1651 2390 est,
1680 2350 1863 2386 dicemus
1890 2349 2012 2386 ratio—

347 2418 558 2454 nalitatem
596 2426 702 2461 quae
739 2418 858 2452 extra
894 2416 1045 2452 animal
1081 2416 1121 2451 in
1160 2426 1236 2452 sua
1275 2415 1527 2461 persistebat
1554 2415 1747 2456 essentia,
1787 2414 2010 2451 advenisse

348 2483 525 2520 animali.
555 2482 720 2527 quando
744 2482 823 2517 iam
854 2483 953 2517 erat.
1006 2481 1047 2517 Si
1081 2482 1219 2517 autem
1254 2481 1385 2527 magis
1414 2481 1739 2516 Aristotelem
1777 2489 2010 2524 sequamur,

351 2548 417 2592 qui
446 2557 496 2583 ea
519 2557 624 2591 quae
653 2547 693 2582 in
716 2547 901 2582 subiecto
930 2548 1035 2586 sunt,
1065 2547 1223 2590 absque
1246 2555 1295 2582 eo
1324 2545 1365 2581 in
1388 2555 1467 2590 quo
1497 2546 1601 2586 sunt,
1630 2545 1862 2581 nullatenus
1883 2553 2009 2589 posse
2030 2555 2064 2580 35

349 2620 444 2647 esse
473 2611 672 2648 concedit,
701 2610 757 2645 ita
784 2610 1006 2649 solvemus,
1042 2610 1226 2645 dicentes
1259 2609 1426 2649 scilicet,
1463 2609 1518 2644 nil
1557 2609 1665 2644 aliud
1702 2618 1797 2645 esse
1833 2608 2011 2644 rationa-

349 2676 504 2711 IItatem
532 2675 731 2711 advenire
759 2674 925 2710 animali
954 2676 994 2710 et
1019 2674 1228 2710 hominem
1249 2674 1389 2709 facere
1412 2683 1534 2718 quam
1553 2673 1760 2709 hominem
1781 2673 2010 2709 subsistere

349 2750 423 2785 per
460 2740 779 2776 rationalitatem
820 2739 988 2774 animali
1026 2739 1332 2774 cohaerentem.
1396 2738 1471 2773 Vel
1509 2738 1615 2774 forte
1654 2737 1839 2774 dicamus
1884 2737 2010 2782 philo-

349 2805 503 2849 sophos
533 2814 624 2840 cum
653 2805 705 2840 ad
733 2804 963 2839 doctrinam
991 2804 1221 2848 loquuntur.
1259 2812 1384 2848 saepe
1412 2811 1479 2838 res
1517 2803 1634 2838 aliter
1669 2802 1860 2847 accipere
1888 2811 2010 2846 quam

348 2879 415 2905 res
443 2879 537 2905 sese
565 2869 755 2907 habeant,
784 2868 910 2904 veluti
931 2878 1021 2903 cum
1044 2868 1233 2904 animalis
1256 2868 1529 2903 substantiam
1558 2866 1677 2911 quasi
1708 2867 1748 2902 in
1776 2876 1822 2902 se
1850 2866 2008 2910 absque
2028 2877 2063 2902 40

490 2991 508 3021 8
537 2989 675 3030 discipe
702 2989 732 3021 A
809 2990 912 3021 15-16
941 2990 1118 3021 facientes
1149 2989 1175 3020 Α
1254 2990 1293 3021 21
1324 2988 1410 3020 facit
1437 2988 1570 3020 addidi
1596 2988 1638 3020 ef.
1669 2996 1698 3020 ι’.
1727 2988 1772 3019 23
1857 2987 1900 3019 29
1927 2987 2005 3019 Ari-

349 3047 516 3088 stoteles]
545 3050 588 3080 ai]
620 3049 644 3079 ,Ἰ
747 3048 851 3079 38-39
880 3048 1100 3088 philosopha
1125 3048 1154 3080 A
1250 3048 1291 3079 40
1319 3049 1430 3087 atque
1456 3047 1484 3079 A

492 3123 498 3143 ¹
530 3124 691 3161 Boeth„
722 3124 762 3155 [η
793 3124 875 3155 libr.
903 3124 1015 3156 Ar1'st.
1046 3121 1140 3166 Περὶ
1168 3124 1247 3165 “vl“-
1277 3124 1331 3155 ed.
1361 3123 1525 3154 Moiser
1551 3123 1563 3153 Ι
1591 3122 1661 3154 7³¹⁰.
