2200 3387
232 2826 255 2856 l.
283 2827 351 2858 40»-

214 2927 350 2963 Boeth.

192 2985 226 3018 p.
237 2974 306 3009 281
317 2975 349 3010 B

377 259 444 294 ‘3ae
793 261 899 294 Peter
922 261 1129 295 Abaelards
1153 261 1289 304 Logica
1315 263 1639 305 .1ngredientibus‘.

377 360 524 395 neutra
563 361 627 394 est
660 367 772 394 vera.
824 358 885 395 Ab
925 357 1185 394 immediatis.
1234 358 1282 395 Et
1320 359 1398 396 hoc
1434 362 1516 396 est:
1554 359 1695 402 Neque
1719 361 1832 398 enim
1861 364 1938 399 etc.
1988 362 2039 399 In
2092 358 2097 361 ⁴

375 423 620 467 privatione
648 432 753 459 vero.
805 422 1026 468 Postquam
1058 423 1235 460 removit
1267 423 1562 469 proprietatem
1589 424 1878 464 affirmationis
1904 428 1945 464 et
1970 437 2041 464 ne-

377 487 554 532 gationis
581 496 606 523 a
632 487 852 524 contrariis
878 487 1118 533 complexis.
1153 491 1342 525 removet
1368 497 1392 525 a
1419 489 1652 534 privatione
1689 492 1731 526 et
1764 490 1907 528 habitu
1931 501 2040 529 com-

377 551 523 597 plexis.
550 552 627 588 hoc
654 556 718 588 est
745 552 1127 597 compositionibus.
1154 552 1195 589 in
1223 553 1371 598 quibus
1396 553 1573 599 privatio
1607 557 1648 591 et
1682 555 1846 592 habitus
1877 555 2040 602 praedi—

378 621 505 653 catur.
543 622 585 653 ut
624 622 735 654 sunt:
773 617 969 654 Socrates
997 621 1061 654 est
1087 617 1247 654 videns.
1285 617 1480 655 Socrates
1508 623 1573 655 est
1599 629 1763 656 caecus.
1814 619 1927 661 Quas
1953 621 2039 667 qui·
2057 628 2077 654 5

377 682 470 718 dem
498 683 805 727 propositiones
833 682 1013 719 ostendit
1041 691 1176 727 neque
1204 683 1327 719 etiam
1354 692 1399 720 re
1426 688 1698 729 permanente
1724 694 1870 722 verum
1896 687 1938 723 et
1968 685 2041 723 fal·

377 756 468 783 sum
495 747 691 783 dividere.
718 748 813 792 quia
841 747 998 783 scilicet
1023 752 1120 783 ante
1148 747 1466 785 determinatum
1491 752 1654 794 tempus
1675 754 1823 786 neutra
1842 752 1907 787 est
1926 760 2040 787 vera.

376 811 657 848 continuatio:
691 811 735 848 In
768 811 996 848 contrariis.
1032 812 1187 848 scilicet
1219 812 1467 850 immediatis
1494 814 1558 850 vel
1593 814 1861 857 naturalibus,
1892 815 1950 852 ita
1976 817 2042 853 est

377 876 487 922 quod
522 885 690 922 semper
723 880 995 922 permanente
1033 877 1220 914 subiecto
1256 878 1565 923 propositiones
1601 888 1708 924 quae
1744 879 1795 916 de
1828 880 1889 916 eis
1925 879 2040 917 fiunt.

377 950 522 978 verum
548 946 589 977 et
614 940 763 978 falsum
785 941 979 978 dividunt.
1006 942 1080 978 sed
1108 942 1148 978 in
1175 942 1407 987 privatione
1429 947 1470 979 et
1495 943 1647 980 habitu.
1675 945 1903 990 complexis
1929 944 2042 982 vide-
2061 949 2096 975 ¹⁰

376 1006 482 1043 licetv
509 1005 675 1051 quando
712 1006 942 1042 subiectum
979 1006 1222 1051 privationis
1260 1010 1301 1043 et
1336 1007 1500 1044 habitus
1537 1017 1620 1044 non
1657 1009 1809 1046 existit.
1850 1010 2041 1046 neutrum

377 1080 521 1107 verum
548 1075 622 1107 est.
673 1071 722 1106 Et
748 1081 857 1113 cum,
890 1071 969 1107 hoc
997 1075 1061 1107 est
1093 1080 1178 1108 non
1205 1074 1362 1108 tantum
1389 1082 1474 1109 non
1501 1073 1688 1110 dividunt
1715 1083 1858 1110 verum
1894 1076 1936 1111 et
1969 1073 2042 1111 fal-

377 1145 468 1172 sum
495 1145 577 1172 non
612 1141 885 1181 permanente
919 1136 1118 1172 subiecto.
1154 1136 1230 1172 sed
1266 1137 1389 1173 etiam
1426 1141 1698 1182 permanente
1733 1139 1921 1176 subiecto
1955 1148 2039 1176 non

377 1210 544 1246 semper
570 1201 674 1237 haec
695 1209 795 1236 vera
817 1205 889 1236 est.
918 1200 986 1236 iila
1007 1209 1107 1237 vero
1130 1200 1246 1237 falsa.
1298 1201 1461 1238 Habere
1488 1212 1683 1244 namque.
1735 1203 1845 1240 Vere
1863 1203 2040 1249 privatio

377 1269 419 1302 et
443 1265 607 1302 habitus
635 1265 853 1310 complexa
879 1275 963 1301 non
989 1274 1157 1311 semper
1183 1266 1308 1302 etiam
1335 1266 1523 1303 subiecto
1549 1270 1822 1312 permanente
1842 1268 2040 1307 dividunt.
2062 1272 2096 1298 15

377 1330 420 1367 Si
445 1331 501 1367 ita
528 1339 611 1367 non
645 1330 830 1366 dividunt
866 1339 1033 1376 semper
1068 1330 1253 1367 subiecto
1290 1331 1413 1367 etiam
1440 1334 1714 1377 permanente
1742 1331 1951 1373 ,Socrates
1976 1335 2043 1370 est

377 1396 524 1433 videns
552 1399 592 1432 et
619 1395 814 1432 Socrates
842 1399 906 1432 est
933 1404 1106 1431 caecus.
1134 1400 1230 1432 tunc
1257 1395 1355 1432 illud
1376 1399 1451 1433 est.
1503 1397 1538 1433 A
1558 1400 1688 1442 parte.
1738 1396 1786 1434 Et
1805 1398 1915 1434 unde
1933 1396 2042 1435 hoo?

378 1460 481 1501 Quia
509 1461 666 1497 scilicet
692 1461 783 1506 ipsa
810 1467 905 1496 sunt
931 1460 1108 1505 privatio
1131 1465 1171 1496 et
1190 1460 1367 1497 habitus.
1389 1461 1608 1507 complexa
1628 1461 1796 1498 scilicet.
1845 1462 1882 1499 A
1901 1471 2041 1499 causa.

376 1525 423 1562 Et
449 1526 527 1562 hoc
548 1531 628 1562 est:
657 1526 809 1561 habere
833 1535 1018 1566 namque
1040 1530 1115 1561 etc.
1167 1526 1362 1562 Assume:
1390 1526 1464 1562 sed
1485 1526 1542 1562 ita
1563 1536 1646 1563 non
1670 1536 1837 1572 semper
1856 1527 2043 1564 dividunt

378 1590 503 1627 etiam
528 1595 800 1636 permanente
827 1590 1026 1626 subiecto.
1078 1589 1195 1630 Quod
1224 1590 1415 1626 ostendit.
1443 1600 1536 1627 cum
1562 1591 1774 1637 supponit:
1801 1594 1838 1628 et
1864 1601 1961 1629 cum
1985 1592 2041 1629 sit
2060 1602 2096 1628 eo

378 1655 500 1692 etiam
534 1654 741 1692 Socrates.
777 1664 860 1691 ηοη
899 1657 956 1691 cs!
992 1655 1274 1691 nec-essarium
1304 1660 1379 1692 etc.
1431 1656 1540 1692 Vere
1580 1665 1662 1692 non
1702 1656 1814 1692 omni
1852 1658 2041 1703 tempore

377 1723 647 1766 permanente
684 1720 871 1756 subiecto
908 1720 1103 1755 dividunt.
1141 1720 1237 1765 quia
1272 1725 1368 1756 ante
1407 1720 1724 1757 determinatum
1758 1722 1922 1767 tempus
1957 1730 2042 1758 non

377 1785 572 1821 dividunt.
622 1786 658 1821 A
683 1789 802 1830 parte
829 1785 1039 1830 temporis.
1090 1783 1136 1820 Et
1163 1785 1241 1821 hoc
1274 1790 1354 1821 est:
1393 1795 1486 1821 cum
1528 1786 1641 1822 enim
1683 1785 1875 1822 nondum
1909 1788 1968 1823 est
1998 1785 2040 1822 in

376 1856 564 1896 tempore
590 1850 833 1886 naturaiiter
859 1850 1054 1886 instituto.
1105 1850 1154 1886 Et
1181 1859 1288 1886 cnm.

517 1915 563 1950 In
601 1915 894 1951 affirmatione
931 1924 1036 1951 vero.
1089 1914 1203 1951 Sicut
1241 1924 1265 1951 a
1304 1915 1456 1952 ceteris
1495 1915 1826 1961 oppositionibus
1863 1916 2095 1953 removitaes

378 1989 543 2026 semper
570 1979 754 2016 dividere
775 1988 918 2015 verum
943 1984 984 2016 et
1003 1979 1162 2016 falsum.
1182 1980 1239 2016 ita
1259 1979 1527 2017 affirmationi
1547 1983 1587 2017 et
1608 1980 1821 2027 negationi
1841 1981 2041 2027 assignat,

378 2045 466 2081 sive
493 2045 651 2081 scilicet
669 2053 738 2080 res
760 2045 823 2080 sit.
844 2044 934 2080 sive
955 2054 1050 2080 non.
1102 2044 1206 2080 Dum
1226 2044 1335 2080 enim
1357 2044 1553 2081 Socrates
1574 2045 1724 2081 existit.
1744 2045 1779 2081 si
1799 2045 1891 2091 quis
1912 2045 2040 2082 dicat:

379 2109 583 2146 ,Socrates
611 2115 676 2145 est
703 2119 842 2145 sanus.
870 2108 1064 2145 Socrates
1092 2118 1174 2145 non
1201 2114 1266 2145 est
1292 2119 1444 2146 sanus:
1471 2109 1601 2145 altera
1629 2112 1693 2146 est
1714 2119 1815 2146 vera
1841 2111 1883 2146 et
1908 2110 2040 2147 altera

376 2174 493 2211 falsa.
543 2173 652 2210 Vere
679 2173 899 2210 affirmatio
928 2179 969 2209 et
995 2174 1162 2220 negatio
1195 2183 1371 2219 semper.
1408 2174 1499 2211 sive
1531 2183 1599 2210 res
1633 2174 1695 2210 sit.
1731 2174 1822 2211 sive
1857 2184 1941 2211 non
1976 2175 2040 2215 sit.

378 2240 564 2276 dividunt
578 2248 722 2275 verum
737 2244 777 2275 et
796 2238 957 2275 falsum.
973 2239 1069 2283 quia
1088 2239 1212 2275 istae:
1234 2238 1441 2276 Socrates
1462 2239 1630 2285 languet
1650 2241 1691 2276 et
1711 2248 1817 2276 non:
1867 2240 1904 2276 A
1916 2240 2040 2286 parti-
2058 2247 2096 2273 ³0

377 2305 465 2341 bus.
517 2304 737 2348 Lan911ere
769 2304 894 2339 enim.
946 2303 1054 2340 Vere
1090 2303 1222 2340 altera
1257 2307 1322 2340 est
1347 2313 1460 2340 vera.
1487 2304 1584 2349 quia
1618 2304 1799 2351 negatio.
1848 2305 1884 2341 A
1909 2306 2039 2350 parte.

379 2369 521 2412 Quare
560 2369 602 2404 in
644 2369 720 2404 his.
784 2367 1127 2414 Quandoquidem
1164 2369 1317 2405 ceteris
1356 2369 1685 2415 oppositionibus
1723 2378 1807 2406 non
1845 2369 2041 2406 convenit

379 2443 546 2479 semper
570 2434 757 2470 dividere
786 2443 928 2469 verum
956 2436 995 2469 et
1021 2433 1187 2472 falsum:
1224 2443 1324 2480 ergo
1351 2434 1428 2470 soli
1455 2433 1722 2471 affirmationi
1749 2436 1789 2470 et
1815 2433 2040 2481 negationi.

378 2498 440 2533 Ab
466 2496 726 2533 immediatis.

520 2561 800 2598 Continuatio:
839 2562 1047 2607 Expositis
1084 2562 1303 2608 diligenter
1337 2566 1531 2608 quattuor
1563 2563 1871 2608 oppositionum
1904 2563 2095 2600 modisas

379 2629 549 2662 naturas
577 2625 849 2670 oppositionis
875 2625 1187 2661 contrariorum.
1213 2630 1384 2670 propter
1409 2635 1544 2670 quam.
1573 2628 1661 2667 (ut)
1688 2625 1842 2662 dictum
1874 2627 1950 2667 est,
1988 2625 2040 2662 de

379 2690 579 2735 oppositis
618 2692 778 2726 tractat.
817 2689 1053 2736 diligentius
1091 2690 1367 2735 prosequitur.
1417 2689 1465 2726 Et
1499 2690 1675 2735 primum
1708 2690 1818 2727 hanc
1852 2690 2042 2737 assignat

380 2754 490 2801 quod
517 2754 657 2791 omnia
685 2754 893 2791 contraria
920 2763 1027 2799 quae
1061 2755 1138 2791 sub
1164 2755 1275 2791 bono
1302 2758 1408 2791 sunt.
1444 2755 1599 2792 habent
1624 2765 1701 2792 sua
1727 2755 1938 2792 contraria
1961 2755 2040 2792 sub
2189 2796 2200 2804 ,

378 2818 499 2855 malo.
525 2818 600 2855 sed
627 2827 711 2854 non
738 2818 886 2854 omnia.
915 2826 1022 2863 quae
1049 2818 1125 2854 sub
1176 2818 1284 2854 malo
1311 2822 1418 2854 sunt.
1445 2818 1599 2855 habent
1626 2828 1703 2855 sua
1729 2818 1938 2855 contraria
1962 2819 2039 2855 sub
2181 2838 2200 2871 ‘⁴

379 2882 499 2918 bono.
551 2881 710 2927 Quippe
738 2882 846 2918 mala
863 2890 971 2927 quae
992 2881 1200 2918 contraria
1220 2883 1326 2918 sunt.
1347 2881 1552 2928 quaedam
1573 2884 1670 2919 sunt
1688 2882 1897 2919 contraria
1915 2882 2040 2923 bono.
2057 2896 2095 2921 ιο
2156 2931 2165 2937 ¹

376 2946 581 2992 quaedam
608 2946 726 2982 alteri
753 2945 872 2982 malo.
923 2946 1096 2991 Eyestas
1116 2947 1228 2983 enim.
1252 2950 1293 2982 et
1314 2946 1697 2992 superabundantia
1716 2947 1925 2983 contraria
1943 2947 2040 2983 sunt

518 3079 562 3111 35
588 3078 835 3118 Conttnuatio]
862 3079 1090 3112 Contrarium
1115 3080 1141 3112 A
1254 3080 1294 3111 41
1320 3080 1411 3121 pos(
1434 3082 1518 3112 sunt
1544 3079 1686 3112 lacuna
1714 3080 1751 3112 in
1777 3079 1820 3117 A,
1846 3079 1914 3112 sed
1938 3079 2042 3112 nihi-3
2138 3100 2159 3116 „-

379 3138 562 3170 omissum
590 3146 668 3170 esse
696 3137 844 3170 ridetur
