2200 3387
172 1838 304 1873 Boeth.

149 1886 259 1929 1192ss
276 1886 305 1920 A

336 270 404 303 2?ss
766 272 871 304 l'eter
897 271 1100 305 Abaelards
1128 271 1263 313 Logica
1290 272 1614 314 ‚Ingredientibus‘.

337 368 463 404 traria
489 378 571 404 non
601 370 863 413 opponuntur
890 370 932 404 ut
959 368 1143 405 relativa.
1173 368 1246 404 sed
1275 368 1398 405 etiam
1437 369 1710 405 manifestum
1743 371 1800 405 est
1828 371 1902 406 010.
1955 370 2002 406 Et

337 433 539 469 attende
578 433 654 469 1100
682 433 774 469 1000
805 433 871 479 agi
899 433 949 469 00
977 433 1201 472 vocabulis,
1242 442 1348 478 quae
1386 433 1612 469 secundum
1654 433 2000 479 significationem

336 496 511 542 privatio
541 499 580 533 et
607 496 769 533 habitus
798 497 998 534 dicuntur.
1033 496 1098 532 ubi
1129 497 1287 533 scilicet
1314 498 1364 532 ad
1401 497 1751 533 constructionem
1785 498 1999 535 relationis

336 562 510 598 venitur.
558 562 695 603 qune
716 562 840 597 enim.
888 561 993 598 Vere
1022 561 1199 600 nomina.
1228 571 1335 606 quae
1358 561 1533 606 privatio
1557 563 1596 598 et
1618 562 1780 598 habitus
1803 563 2003 604 dicuntur.

336 637 418 663 non
435 630 529 663 sunt
544 627 736 673 opposita
758 629 799 662 ut
821 627 995 663 relativa
1017 626 1230 667 vocabula,
1254 626 1350 671 quia
1371 626 1466 662 ista:
1501 626 1616 662 visus
1638 628 1713 663 etc.
1754 627 1786 663 A
1806 628 2002 673 partibus.
2023 634 2039 658 5

337 691 453 732 Quod
482 701 554 737 per
583 692 658 727 1100
687 690 878 728 ostendit.
917 691 1025 735 quod
1062 700 1185 727 unum
1223 691 1274 726 ad
1309 691 1484 726 alterum
1522 691 1632 726 nullo
1669 691 1791 727 modo
1829 692 2002 728 relative

336 757 583 801 assignatur.
644 756 759 791 Visus
786 756 911 791 1111111.
965 755 1071 791 Vere
1101 765 1181 791 non
1210 756 1387 792 refertur
1414 755 1528 791 visus
1555 756 1606 791 ad
1629 756 1885 795 caecitatem.
1909 756 2004 802 quia

336 831 471 867 neque
499 831 572 866 per
599 821 848 867 genetivum.
877 821 985 866 quod
1007 821 1206 857 habemus
1230 821 1299 856 ibi:
1331 821 1447 856 Visus
1468 821 1580 857 enim
1606 831 1692 857 non
1715 823 1771 857 est,
1790 822 2005 858 caecitatis

338 886 461 925 risus.
498 895 568 921 nec
604 886 693 921 alio
735 885 872 925 modo,
912 884 1020 929 quod
1059 884 1181 920 etiam
1223 884 1427 929 supponit.
1480 884 1513 919 A
1542 884 1739 929 partibus.
1793 885 2001 930 Amplius.

337 950 448 987 Sicut
474 960 548 996 per
575 950 859 986 definitionem
886 949 1042 995 largam
1070 949 1347 985 relativorum.
1386 959 1493 994 quae
1523 950 1783 986 Platonica
1810 950 2002 992 creditur,
2026 960 2057 985 ιο

337 1016 448 1052 00011
476 1015 751 1052 differentiam
779 1014 886 1050 inter
922 1014 1195 1059 privationem
1235 1016 1275 1050 et
1312 1014 1492 1050 habitum
1530 1016 1570 1050 01
1609 1015 1796 1051 relativa.
1837 1015 1892 1051 ita
1931 1024 2005 1061 per

337 1081 633 1126 proprietatem
662 1079 929 1116 relativorum
957 1088 1063 1124 quae
1093 1081 1176 1115 est:
1208 1079 1285 1115 0101
1314 1080 1363 1115 00
1393 1079 1691 1116 convertentia.
1744 1079 1791 1116 Et
1818 1081 1895 1117 1100
1923 1082 2002 1117 051;

336 1145 540 1189 (implius,
567 1144 604 1180 id
634 1145 697 1180 est
725 1143 869 1181 0011110,
898 1143 949 1179 (10
977 1143 1253 1180 differentiam
1283 1143 1389 1179 inter
1415 1143 1574 1179 eadem.
1617 1143 1765 1187 Quare.
1813 1143 2004 1185 Quando-

337 1209 501 1254 quidem
531 1208 669 1245 omnia
695 1209 747 1244 ad
775 1208 927 1253 aliquid
956 1207 1133 1244 invicem
1162 1209 1468 1247 convertuntur.
1498 1217 1597 1254 ergo
1625 1208 1807 1245 caecitas
1830 1218 2004 1246 conver-

336 1277 454 1313 tetur.
484 1274 518 1310 si
545 1274 738 1310 videlicet
774 1274 1029 1310 concedatur
1065 1282 1159 1309 esse
1198 1273 1247 1309 de
1285 1282 1456 1309 numero
1495 1282 1637 1309 eorum
1675 1283 1781 1318 quae
1819 1275 1915 1310 sunt
1952 1275 2058 1311 ad15

336 1340 500 1385 aliquid.
551 1339 585 1375 A
612 1341 709 1376 toto.
738 1339 856 1384 quasi
885 1338 1067 1375 caecitas
1100 1338 1277 1383 ponatur
1313 1338 1389 1374 sub
1426 1338 1478 1374 ad
1518 1338 1683 1383 aliquid.
1735 1339 1809 1375 Vel
1844 1339 1879 1374 si
1911 1349 2005 1376 con-

337 1405 532 1441 cedamus
548 1404 816 1450 probabiliter
836 1403 953 1448 sequi
966 1404 1162 1449 regulam.
1179 1402 1484 1449 assignabimus
1502 1402 1591 1439 sine
1607 1403 1697 1439 loco
1715 1402 2002 1443 differentiam.

337 1479 459 1515 quam
499 1479 523 1505 a
562 1469 747 1505 subiecto
788 1469 952 1514 quidam
992 1468 1214 1514 assignant.
1267 1468 1347 1504 Sed
1378 1477 1474 1503 non.
1527 1467 1709 1504 Assumit
1750 1468 2002 1505 destruendo

337 1544 612 1579 consequens.
655 1536 697 1570 ut
736 1534 985 1580 intelligatur
1024 1533 1181 1569 destrui
1220 1532 1488 1569 antecedens.
1540 1533 1680 1574 Neque
1716 1533 1864 1569 enim.¹
1894 1533 2003 1570 Vere

338 1610 420 1637 non
449 1599 713 1636 convertitur.
742 1599 839 1644 quia
866 1608 1002 1643 neque
1030 1608 1105 1644 per
1124 1597 1363 1644 genetivum
1387 1607 1465 1634 nec
1485 1597 1565 1634 alio
1588 1598 1722 1634 modo.
1759 1598 1793 1634 A
1805 1598 2001 1643 partibus.
2022 1606 2058 1633 20

338 1666 419 1702 Sed
447 1665 543 1711 quia
570 1665 621 1701 00
648 1664 844 1711 genetivo
880 1664 1010 1709 magis
1039 1663 1212 1704 videtur.
1247 1663 1352 1699 sicut
1385 1663 1532 1699 dicitur
1564 1663 1678 1699 v1sus
1713 1672 1808 1699 esse
1842 1663 2004 1700 habitus

337 1730 560 1768 0000110115,
587 1729 695 1766 100111
718 1729 768 1765 00
790 1728 985 1775 genetivo
1008 1729 1095 1764 solo
1117 1729 1305 1764 removet
1327 1727 1486 1764 dicens:
1516 1727 1597 1764 Sed
1620 1737 1702 1764 non
1725 1727 1872 1764 dicitur
1892 1728 2003 1764 visus

337 1795 551 1833 caecitatis
579 1795 704 1831 visus.

475 1859 689 1903 Quoniam
709 1861 863 1894 aulem.
910 1858 1021 1894 Duas
1045 1857 1234 1903 superius
1255 1857 1506 1894 differentias
1529 1857 1676 1902 posuit.
1699 1857 2000 1894 contrariorum

336 1925 493 1962 scilicet
519 1925 571 1961 ad
598 1924 770 1960 relativa
799 1925 839 1960 et
862 1923 1106 1968 privationis
1136 1923 1176 1958 et
1202 1922 1365 1958 habitus
1393 1922 1444 1958 ad
1472 1922 1663 1965 relativa;
1693 1921 1814 1958 modo
1836 1921 2001 1958 tertiam
2021 1929 2056 1957 25

336 1990 523 2036 assignat
550 1989 824 2025 differentIam
849 1997 955 2033 quae
984 1989 1103 2024 datur
1130 1988 1181 2024 de
1209 1987 1441 2032 privatione
1470 1989 1510 2023 et
1536 1987 1678 2023 habitu
1705 1987 1757 2023 ad
1779 1987 2002 2023 contraria.

337 2054 615 2092 Continuatio:
652 2054 741 2090 Non
770 2054 901 2090 solum
935 2053 1199 2089 manifestum
1228 2054 1291 2088 est
1319 2053 1427 2097 quod
1456 2052 1631 2097 privatio
1661 2053 1701 2088 et
1728 2051 1892 2088 habitus
1919 2061 2002 2088 non

338 2122 432 2157 sunt
457 2119 631 2156 relativa
659 2118 860 2163 opposita,
897 2118 970 2154 sed
1007 2117 1131 2154 etiam
1159 2118 1268 2162 quod
1296 2127 1379 2153 non
1408 2118 1670 2162 opponuntur
1706 2118 1748 2152 ut
1784 2116 2001 2155 contraria,

337 2185 600 2221 manifestum
641 2185 704 2220 est
743 2192 795 2219 ex
835 2183 897 2219 liis
937 2192 1043 2228 quae
1084 2183 1322 2227 sequuntur.
1376 2182 1569 2225 Quorum
1603 2182 1729 2217 enim.
1782 2181 1891 2217 Vere
1919 2191 2001 2217 non

337 2252 600 2295 opponuntur
628 2250 669 2284 ut
696 2247 914 2285 contraria.
943 2247 1039 2292 quia
1066 2256 1200 2292 neque
1230 2249 1272 2283 ut
1299 2246 1480 2283 mediata
1506 2255 1642 2292 neque
1678 2247 1719 2282 ut
1751 2245 1999 2283 immediata.
2022 2253 2056 2280 30

338 2315 371 2351 Α
398 2314 594 2360 partibus.
646 2313 693 2349 Et
728 2313 900 2358 primum
938 2314 1204 2357 utrorumque
1241 2311 1543 2348 contrariorum
1580 2313 1750 2347 naturas
1786 2311 2003 2358 diligenter

337 2379 469 2424 aperit
491 2382 622 2415 01005
643 2380 790 2423 postea
818 2387 842 2414 a
864 2377 1096 2423 privatione
1118 2379 1158 2413 et
1185 2376 1326 2413 habitu
1355 2378 1553 2413 removet.
1582 2376 1691 2421 quod
1720 2386 1809 2412 nos
1837 2385 2001 2421 quoque

337 2444 389 2480 ad
418 2444 665 2480 evidentiam
696 2443 878 2479 breviter
905 2443 1175 2488 assignemus.
1228 2441 1333 2478 Dicit
1359 2441 1497 2487 itaque
1526 2441 1577 2477 de
1605 2441 1863 2477 immediatis.
1893 2441 2002 2486 quod

337 2511 532 2545 manente
561 2507 818 2553 susceptibili
846 2517 987 2543 eorum
1026 2516 1192 2551 semper
1218 2507 1391 2542 alterum
1419 2506 1578 2542 illorum
1606 2506 1715 2542 inest
1741 2505 1790 2547 ei,
1824 2506 1898 2542 scd
1925 2505 2003 2551 pri-

338 2573 448 2610 vatio
478 2576 518 2610 et
546 2573 709 2609 habitus
744 2582 824 2607 non
859 2581 1035 2616 semper.
1073 2572 1180 2616 quod
1218 2573 1315 2607 ante
1354 2571 1670 2607 determinatum
1707 2572 1868 2616 tempus
1904 2580 2002 2607 neu·
2021 2582 2056 2607 35

337 2640 442 2674 trum
470 2638 588 2674 inest.
642 2637 700 2674 De
729 2636 918 2673 mediatis
948 2646 1112 2681 quoque
1141 2636 1358 2672 contrariis
1388 2636 1494 2677 (licit,
1530 2636 1638 2681 quod
1676 2645 1897 2680 numquam
1934 2644 2002 2672 ne-

338 2713 459 2739 cesse
487 2704 551 2739 est
577 2703 749 2739 alterum
779 2711 921 2738 eorum
948 2701 1089 2737 inesse
1118 2701 1227 2736 omni
1256 2710 1330 2736 suo
1354 2700 1616 2745 susceptibili.
1645 2700 1723 2737 nisi
1745 2700 1799 2736 illi
1820 2700 1885 2737 cui
1904 2700 2002 2736 alte-

337 2777 424 2804 rum
448 2767 688 2804 naturaliter
708 2767 827 2805 inest.
850 2768 890 2803 et
910 2766 966 2801 illi
993 2775 1117 2802 unum
1140 2766 1294 2801 tantum
1319 2765 1593 2801 determinate
1615 2764 1816 2811 contingit
1837 2773 2002 2810 semper

339 2834 561 2869 etcertum
590 2834 652 2868 est
680 2841 902 2876 numquam
929 2831 1104 2867 alterum
1141 2830 1396 2876 contingere.
1435 2830 1507 2866 sed
1545 2829 1720 2875 privatio
1761 2831 1801 2866 et
1837 2829 2001 2866 habitus

338 2897 436 2934 talia
463 2900 568 2938 sunt,
597 2898 702 2942 quod
733 2897 773 2933 in
796 2896 973 2942 quodam
995 2898 1182 2940 tempore
1205 2895 1521 2932 determinatum
1552 2896 1615 2930 est
1646 2894 1819 2930 alterum
1846 2894 2000 2936 inesse,
2020 2904 2055 2930 40

338 2964 557 3007 postquam
585 2962 743 2998 scilicet
764 2963 931 2997 ventum
954 2962 1018 2997 est
1038 2961 1090 2997 ad
1107 2960 1423 2996 determinatum
1439 2961 1613 3005 tempus.
1663 2959 1741 2995 Per
1756 2958 1865 3004 quod
1887 2958 2001 2995 diffe-

482 3098 500 3128 3
528 3097 771 3136 privationem
798 3095 825 3127 A
908 3096 946 3126 lb·
970 3096 1059 3135 pos!
1086 3095 1115 3126 si
1145 3095 1285 3126 laeana
1318 3094 1354 3126 ἱη
1384 3093 1472 3131 rod„
1501 3093 1566 3125 secl
1592 3092 1689 3125 nihil
1709 3092 1834 3125 deesse
1856 3092 2002 3124 videtur

341 3155 382 3187 40
410 3153 547 3195 inesse]
576 3164 659 3187 esse
687 3154 727 3187 A.
