2200 3387
200 706 221 737 s.
248 708 294 737 11·

159 1466 295 1500 Boeth.

158 1536 191 1568 Ι).
208 1527 294 1560 14ἷῦ

323 221 340 254 4
736 222 840 256 l'eter
867 223 1069 256 Abaelards
1097 222 1231 264 nogion
1258 223 1580 264 ,ingredientibusn

322 323 361 354 et
399 319 617 356 iudicandi.
655 320 837 355 secunda
874 329 946 364 per
983 320 1194 355 scientiam
1231 320 1451 359 dividendi,
1485 321 1720 359 definiendi,
1753 321 1981 367 colligendi.

323 383 432 422 Quas
461 383 582 418 etiam
612 384 663 419 ad
692 393 737 419 se
768 384 942 419 invicem
972 384 1028 419 ita
1054 383 1224 422 reducit.
1251 386 1293 419 ut
1320 384 1359 419 in
1389 384 1563 420 scientia
1591 384 1840 425 inveniendi,
1874 386 1981 430 quod

323 457 444 481 unum
474 448 698 483 membrum
727 451 790 483 est
818 447 965 492 prioris
987 447 1212 485 divisionis,
1240 447 1455 483 scientiam
1483 457 1647 492 quoque
1681 448 1889 484 dividendi
1916 449 1983 485 vel

323 511 545 547 definiendi
584 512 773 550 includat.
811 522 884 557 pro
921 522 971 548 eo
1009 512 1166 548 scilicet
1202 513 1310 557 quod
1344 515 1424 548 tam
1466 522 1519 548 ex
1559 513 1832 549 divisionibus
1860 523 1983 558 quam

323 586 374 611 ex
405 577 715 612 definitionibus
743 580 987 621 argumenta
1015 578 1226 613 ducantur.
1278 577 1395 613 Unde
1423 577 1589 622 generis
1617 587 1780 622 quoque
1809 578 1984 614 scientia

323 645 363 676 et
402 642 555 686 speciei
595 652 669 677 seu
703 643 875 678 aliorum
916 643 1036 678 simili
1075 642 1236 678 ratione
1265 642 1492 678 inventioni
1526 643 1831 678 accomodatur.
1892 643 1984 688 Ipse

324 707 445 742 etiam
463 706 701 742 Boethius
717 707 1064 751 ¹ingredientibus
1083 710 1087 749 Ι
1110 707 1284 752 logicam
1302 707 1475 751 primum
1493 707 1849 743 exAristotelis
1871 707 1984 743 libris

323 774 478 806 textum
528 771 960 807 Praedicamentorum
1004 781 1223 808 occurrere
1263 772 1370 807 dicit.
1428 771 1487 807 Ex
1525 782 1605 816 quo
1651 774 1824 817 apparet
1866 772 1986 808 Prae·

323 836 558 872 dicamenta
585 846 609 872 a
642 837 775 881 logica
809 847 889 872 non
935 837 1134 881 separari.
1170 837 1208 872 in
1247 837 1393 881 quibus
1428 837 1636 872 introitum
1670 837 1829 883 logicae
1856 838 1986 873 lector

323 902 457 938 habet„
495 902 740 946 praesertim
776 911 864 937 cum
901 902 1110 937 distinctio
1146 902 1214 937 illa
1254 902 1685 946 praedicamentorum
1721 903 1831 938 vires
1867 912 1985 948 argu-

322 966 531 1000 mentandi
561 966 763 1000 maximas
793 965 1006 1006 ministret,
1035 975 1126 1001 cum
1154 975 1228 1010 per
1249 975 1353 1006 eam,
1381 966 1496 1001 cuius
1517 967 1690 1002 naturae
1710 975 1983 1011 unaquaeque

323 1040 390 1065 res
436 1030 486 1065 sit
526 1032 595 1065 aut
640 1040 721 1065 non
761 1031 823 1068 sit.
869 1031 1007 1066 valeat
1051 1030 1298 1066 confirmari.
1349 1030 1675 1075 Propositionum
1703 1040 1866 1075 quoque
1894 1040 1984 1076 pro-

322 1095 477 1139 prietas
511 1095 562 1130 ab
597 1095 851 1139 argumentis
886 1105 967 1130 non
1001 1098 1064 1141 est
1091 1095 1238 1134 aliena,
1276 1105 1368 1131 cum
1396 1096 1516 1131 modo
1544 1096 1651 1131 hanc
1677 1096 1847 1137 <modo>
1876 1096 1984 1132 illam

322 1162 391 1194 aut
419 1162 460 1194 ut
487 1160 737 1195 contrariam
766 1161 831 1195 vel
859 1160 1219 1195 contradictoriam
1249 1170 1322 1195 seu
1351 1160 1661 1204 quomodolibet
1689 1161 1809 1196 aliter
1835 1165 1984 1206 <oppo-

322 1225 465 1265 sitam'j·
488 1225 644 1269 probet.
685 1224 790 1264 Quia
818 1225 956 1269 itaque
990 1234 1135 1260 omnes
1165 1227 1366 1260 tractatus
1395 1225 1555 1271 logicae
1584 1226 1635 1261 ad
1662 1225 1787 1261 finem
1816 1226 1916 1267 eius,
1943 1226 1982 1261 id

322 1292 385 1324 est
413 1290 827 1334 argumentationem.
865 1290 1123 1330 inclinantur,
1160 1289 1310 1325 nullius
1345 1299 1487 1326 eorum
1516 1290 1731 1325 scientiam
1758 1294 1830 1332 <a>
1850 1291 1985 1335 logica

324 1354 585 1390 secludimus.

464 1419 534 1455 His
563 1420 802 1464 praelibatis
830 1420 974 1456 literae
1003 1420 1252 1456 insistamus.

464 1486 566 1521 Fum
613 1486 667 1520 sit
714 1485 994 1520 necessarium
1043 1487 1118 1521 etc.
1177 1484 1410 1530 Scripturus
1455 1486 1504 1521 de
1545 1485 1719 1521 materia
1762 1485 1985 1530 praemittit

322 1549 589 1593 prooemium,
618 1549 657 1584 in
687 1558 766 1593 quo
795 1550 835 1584 et
862 1549 1077 1584 materiam
1106 1549 1238 1593 ipsam
1266 1549 1454 1595 assignat
1481 1550 1522 1584 et
1541 1549 1756 1584 utilitatem
1778 1548 1916 1593 operis
1943 1550 1985 1584 et

321 1614 485 1649 modum
526 1614 732 1649 scribendi
773 1613 1113 1649 introductorium
1158 1614 1368 1658 promittit,
1408 1613 1524 1649 iuxta
1562 1614 1640 1649 hoc
1685 1613 1794 1658 quod
1830 1613 1881 1648 de
1920 1613 1983 1649 his

322 1678 553 1722 philosophi
589 1680 702 1714 recte
739 1681 969 1714 senserunt.
1032 1678 1134 1714 Sunt
1166 1680 1303 1714 autem
1345 1678 1594 1717 ,necessarii
1636 1680 1720 1714 tres
1757 1679 1983 1714 consuetae

323 1743 680 1788 significationes2‚
703 1753 792 1778 cum
816 1743 973 1779 scilicet
994 1744 1115 1779 modo
1137 1753 1211 1788 pro
1234 1743 1525 1779 inevitabili
1546 1743 1723 1788 ponitur,
1745 1744 1788 1778 ut
1808 1752 1983 1778 necesse

323 1810 386 1843 est
425 1809 700 1844 substantiam
747 1818 828 1844 non
875 1818 971 1844 esso
1012 1809 1263 1853 qualitatem,
1310 1809 1431 1844 modo
1472 1818 1545 1853 pro
1584 1808 1712 1849 utili,
1754 1810 1798 1843 ut
1836 1807 1895 1843 ire
1931 1808 1984 1843 ad

321 1873 474 1916 forum;
502 1873 623 1909 modo
651 1883 725 1917 pro
754 1873 1105 1915 determinam,
1133 1876 1175 1909 ut
1201 1874 1408 1909 hominem
1431 1873 1679 1918 quandoque
1702 1873 1816 1908 mori.
1867 1872 1983 1908 Duae

323 1946 422 1972 vero
462 1937 619 1981 primae
659 1937 889 1972 necessarii
925 1937 1253 1982 significationes
1294 1937 1528 1972 huiusmodi
1568 1938 1674 1977 sunt,
1711 1938 1753 1972 ut
1795 1936 1902 1972 inter
1937 1946 1983 1972 se

322 2004 484 2037 certare
512 2002 741 2041 videantur,
770 2011 876 2046 quae
906 2011 1047 2037 earum
1081 2002 1397 2038 convenientius
1431 2002 1564 2046 possit
1596 2002 1660 2037 hic
1690 2001 1832 2046 accipi.
1882 2001 1983 2037 Nam

323 2068 363 2101 et
390 2076 551 2102 summa
577 2067 809 2102 necessitas
837 2069 901 2102 est
928 2067 1032 2103 haec
1059 2076 1303 2112 praenosse,
1331 2069 1373 2102 ut
1400 2067 1451 2102 ad
1479 2066 1559 2102 alia
1586 2066 1865 2111 perveniatur,
1892 2075 1982 2101 cum

322 2132 410 2167 sine
439 2131 501 2166 his
530 2131 595 2167 illa
623 2132 717 2167 sciri
746 2141 827 2167 non
849 2132 1020 2176 possint,
1050 2134 1090 2167 et
1118 2133 1263 2176 aperta
1290 2132 1453 2167 utilitas.
1493 2131 1533 2167 Si
1555 2132 1646 2176 quis
1673 2133 1811 2167 tamen
1833 2131 1984 2167 seriem

323 2196 466 2232 literae
510 2197 728 2241 diligenter
766 2197 964 2235 attendat,
1012 2197 1329 2232 convenientius
1374 2197 1473 2232 utile
1510 2196 1587 2232 dici
1628 2196 1825 2232 iudicabit
1860 2205 1983 2240 quam

324 2261 573 2297 inevitabile.
625 2261 723 2297 Cum
753 2262 860 2298 enim
891 2262 1085 2306 supponit
1112 2262 1163 2297 ad
1192 2262 1286 2306 quid
1315 2262 1424 2297 dicat
1450 2261 1747 2301 necessarium,
1780 2261 1898 2305 quasi
1931 2260 1983 2296 ad

324 2326 431 2361 aliud
459 2326 702 2362 relationem
731 2327 938 2371 quandam
966 2327 1186 2362 intendens
1214 2326 1397 2362 utilitatis
1418 2326 1762 2371 significationem
1790 2325 1982 2361 insinuat.

325 2391 429 2427 Utile
458 2392 565 2427 enim
594 2392 646 2427 ad
675 2392 783 2427 aliud
812 2394 983 2436 spectat,
1011 2391 1252 2427 inevitabile
1280 2401 1355 2436 per
1381 2400 1426 2427 se
1455 2391 1612 2426 dicitur.

466 2456 531 2492 Sic
547 2460 762 2492 construe:
788 2457 1071 2493 necessarium
1096 2459 1169 2498 est,
1191 2457 1230 2492 id
1245 2458 1308 2492 est
1324 2456 1432 2497 utile,
1456 2465 1579 2492 nosse
1602 2456 1710 2491 enim
1731 2455 1825 2500 quid
1848 2456 1901 2492 sit
1916 2465 1984 2501 ge-

324 2532 399 2557 nus
423 2524 509 2561 etc..
532 2522 570 2557 id
594 2524 657 2557 est
678 2522 793 2557 cuius
810 2522 1074 2567 proprietatis
1093 2522 1172 2557 sint
1188 2522 1360 2567 singula,
1385 2522 1493 2566 quod
1514 2522 1553 2556 in
1577 2530 1718 2556 eorum
1740 2520 1984 2556 definitioni-

323 2587 399 2622 bus
421 2587 661 2626 ostenditur‚
685 2596 791 2631 quae
812 2587 976 2631 quidem
988 2596 1069 2622 non
1093 2586 1318 2622 secundum
1339 2596 1480 2622 eorum
1504 2585 1777 2621 substantiam
1797 2584 1983 2630 assigna—

324 2654 390 2686 tae
420 2652 524 2688 sunt,
553 2651 626 2686 sed
654 2651 881 2686 secundum
910 2660 1053 2686 eorum
1081 2650 1362 2686 accidentales
1390 2650 1677 2694 proprietates.
1730 2648 1889 2694 Quippe
1916 2658 1983 2694 ge-

324 2716 434 2750 neris
463 2725 613 2751 nomen
648 2718 689 2751 et
724 2717 955 2751 ceterorum
995 2725 1075 2750 non
1113 2715 1381 2756 substantiae,
1419 2714 1491 2749 sed
1529 2714 1757 2750 accidentis
1793 2713 1983 2759 designa-

467 2844 568 2875 10-11
600 2845 896 2884 argumentorum
923 2843 1050 2875 audiA
1158 2843 1197 2874 13
1226 2842 1316 2874 haec
1337 2842 1364 2874 A
1473 2843 1512 2873 14
1541 2842 1725 2873 contraria
1750 2841 1807 2873 vel
1840 2842 1982 2873 contra-

324 2903 476 2935 dictoria
495 2902 524 2934 A
650 2903 690 2934 16
726 2900 873 2941 nullius]
908 2911 979 2934 non
1013 2902 1107 2934 illius
1133 2902 1163 2933 A
1303 2902 1344 2933 16
1367 2902 1456 2942 post
1488 2901 1678 2933 scientiam
1713 2901 1854 2932 lacuna
1885 2900 1926 2932 ‘in
1951 2899 1980 2931 A

325 2962 468 3002 logicae
489 2961 517 2993 A
632 2963 672 2993 18
702 2962 842 2993 literam
864 2961 892 2993 A
1015 2961 1055 2992 19
1084 2960 1283 3000 praemittit
1308 2959 1385 2997 A2L
1411 2960 1600 3000 praemisit
1620 2959 1649 2991 A
1760 2959 1800 2990 31
1831 2958 1915 2998 quid
1936 2957 1982 2995 ΑΞ

325 3029 432 3060 quam
453 3020 482 3052 A

464 3101 474 3123 ¹
502 3103 662 3140 Boeth.,
679 3102 722 3134 In
740 3102 876 3143 Porph.
893 3102 947 3133 ed.
963 3102 998 3139 1,,
1014 3111 1048 3141 p.
1067 3102 1106 3133 14
1123 3100 1163 3133 ²⁵.
1244 3100 1259 3122 ⁴2
1286 3101 1445 3139 Boeth.‚
1463 3101 1505 3132 In
1522 3100 1659 3141 Porph.
1675 3100 1730 3132 ed.
1744 3099 1793 3137 11„
1809 3108 1842 3140 p.
1860 3097 1979 3131 14910.

2001 584 2018 609 5

2006 906 2039 931 10

2005 1229 2038 1255 15

2003 1552 2038 1578 20

2003 1880 2038 1905 25

2003 2204 2038 2228 30

2004 2528 2038 2554 35
