2200 3387
155 509 287 542 naoth.

153 556 288 597 pets*

316 246 361 281 88
718 249 823 280 Peter
850 249 1052 280 Abaelards
1081 249 1213 289 Logica
1241 248 1564 289 ,Ingredientibust

747 417 1091 469 Tractatus
1133 417 1214 468 de
1256 417 1546 481 proprio.

461 532 685 575 Proprium
715 534 869 567 (intem.
911 533 1015 567 Ante
1044 532 1239 567 accidens
1267 531 1475 575 proprium
1504 533 1663 569 tractat,
1692 531 1787 575 quia
1813 531 1908 566 licet
1934 532 1975 566 et

317 596 446 639 ipsum
477 596 528 631 sit
556 597 759 634 accidens.
788 598 830 632 ut
857 597 913 632 ait
934 596 1212 633 Boethius¹‚
1241 595 1403 640 dignius
1430 596 1492 631 est
1519 595 1669 631 ceteris
1690 595 1974 631 accidentibus

317 663 355 695 et
392 660 632 696 familiarius
672 661 825 705 speciei
866 661 1077 696 adhaeret.
1117 669 1208 695 cum
1248 659 1404 695 scilicet
1443 659 1594 694 nullum
1634 658 1841 703 proprium
1881 660 1974 695 actu

317 725 502 769 separari
537 725 758 769 contingat.
796 725 900 760 sicut
933 725 1165 760 accidentia
1201 724 1450 768 frequenter.
1502 724 1725 759 Praeterea
1761 723 1884 759 etiam
1924 732 2011 759 ea5

317 799 393 824 nec
420 790 580 825 ratione
609 790 794 834 separari
824 790 1064 825 Boethius
1091 790 1135 824 in
1164 788 1537 824 Divisionibus2
1564 788 1669 825 dicit.
1698 788 1806 832 quod
1827 790 1976 832 postea

317 854 634 890 convenientius
675 854 956 898 expediemus.
1022 854 1211 889 Ostendit
1251 854 1358 889 enim
1399 853 1587 889 diversas
1630 852 1784 897 proprii
1824 852 1977 898 signifi-

316 920 515 955 cationes,
544 919 648 954 sieut
675 919 771 954 fecit
797 918 964 963 generis
1000 920 1039 953 et
1073 920 1315 953 ceterarum.
1368 918 1434 953 Sic
1470 918 1612 963 iunge:
1653 917 1792 953 Genus
1832 917 1978 952 dicitur

318 982 446 1016 trihus
476 982 606 1017 modis
635 985 673 1017 et
702 991 790 1017 cum
821 982 904 1016 suis
927 981 1068 1018 modis,
1097 982 1306 1026 proprium
1328 991 1428 1016 vero
1451 983 1525 1017 etc.
1573 981 1678 1016 Nam
1709 982 1745 1015 et
1775 981 1826 1016 id.
1869 980 1975 1016 Vere

317 1049 509 1089 quattuor
536 1046 667 1081 modis
688 1046 843 1082 dicitur.
873 1046 968 1090 quia
988 1046 1088 1081 istis.
1140 1046 1172 1081 A
1195 1047 1323 1090 parte.
1374 1046 1581 1081 Medicum
1612 1056 1695 1081 esse
1723 1045 1782 1081 vel
1813 1055 1975 1088 {leome-
1998 1054 2030 1079 ιο

317 1112 434 1151 irem,
467 1111 504 1145 id
534 1113 597 1146 est
630 1111 734 1146 haec
767 1110 954 1145 nomina:
994 1110 1178 1145 medicus
1218 1111 1259 1145 et
1296 1112 1521 1155 geometer,
1561 1119 1667 1154 quae
1707 1109 1785 1145 soli
1822 1110 1977 1145 homini

315 1175 577 1210 conveniunt.
630 1175 704 1210 Vel
731 1175 856 1210 etiam
883 1184 968 1209 rem
996 1175 1140 1219 ipsam.
1177 1184 1284 1219 quae
1319 1174 1525 1210 medicina
1551 1176 1615 1210 est
1641 1175 1707 1210 vel
1734 1173 1975 1219 geometria,

315 1249 536 1283 possumus
564 1239 766 1283 accipere.
819 1240 870 1274 At
896 1248 996 1274 vero
1025 1249 1116 1274 cum
1144 1239 1291 1274 dicitur
1318 1239 1525 1283 proprium
1554 1238 1673 1274 alicui
1700 1238 1855 1282 speciei
1881 1247 1976 1274 con-

316 1304 469 1340 venire.
498 1309 627 1345 (non)
656 1304 776 1341 omni.
810 1304 849 1339 id
883 1306 947 1339 est
974 1303 1276 1340 universaliter.
1314 1313 1397 1338 non
1433 1303 1512 1339 nisi
1552 1303 1602 1338 de
1639 1303 1805 1338 nomine
1845 1302 1977 1347 accipi

316 1371 463 1414 potest.
486 1371 553 1409 «ieet
577 1370 724 1404 homin
734 1370 768 1410 ij>
789 1379 1004 1404 canescere
1025 1369 1068 1404 rin
1091 1371 1305 1404 senectute.
1357 1368 1443 1404 Hoc
1464 1378 1546 1403 non
1567 1368 1644 1404 soli
1665 1367 1818 1403 homini
1840 1377 1976 1412 neque
1999 1375 2030 1399 ¹5

316 1434 426 1469 omni
458 1434 683 1469 convenire
711 1434 883 1469 videtur.
935 1433 1037 1469 Nam
1065 1435 1104 1468 et
1125 1433 1207 1478 lupi
1229 1442 1456 1469 canescere
1478 1433 1680 1468 videntur.
1733 1432 1813 1468 Sed
1840 1432 1976 1477 potius

316 1499 531 1534 albescere
559 1499 637 1533 dici
670 1499 803 1534 dehet.
837 1498 933 1542 quia
967 1498 1205 1542 capillorum
1233 1499 1390 1533 tantum
1417 1497 1582 1542 proprie
1609 1497 1783 1533 canities
1820 1496 1976 1532 dicitur.

316 1562 434 1596 Omni
457 1562 580 1597 etiam
596 1562 748 1597 homini
765 1571 846 1597 non
860 1562 1022 1597 videtur
1037 1561 1261 1596 convenire
1275 1561 1315 1596 in
1329 1562 1544 1596 senectute
1564 1569 1802 1601 canescere,
1825 1560 1976 1605 quippe

317 1636 392 1661 nec
421 1636 565 1661 omnes
594 1626 728 1663 etiam.
757 1626 823 1670 qui
852 1626 902 1661 ad
931 1627 1189 1661 senectutem
1218 1625 1476 1670 perveniunt,
1513 1635 1740 1661 canescere
1777 1624 1978 1670 contingit

316 1691 543 1726 actualiter.
596 1690 676 1726 Sed
707 1691 920 1726 sciendum
948 1692 1021 1727 est.
1050 1691 1146 1735 quia
1172 1690 1397 1726 convenire
1424 1690 1503 1725 hoc
1530 1690 1621 1725 loco
1649 1699 1731 1725 non
1759 1689 1977 1725 actualiter
1996 1695 2030 1720 20

316 1758 482 1793 tantum,
521 1765 663 1791 verum
691 1756 815 1791 etiam
844 1755 1084 1791 naturaliter
1111 1755 1293 1790 sumitur.
1345 1754 1499 1790 Omnes
1527 1756 1665 1790 autem
1691 1754 1880 1790 homines
1907 1763 1977 1789 na-

316 1819 501 1854 turaliter
527 1819 680 1854 hahent
707 1819 759 1854 ad
786 1821 1043 1854 senectutem
1071 1818 1290 1863 pervenire
1318 1820 1358 1853 et
1385 1818 1439 1853 ibi
1467 1827 1705 1853 canescere.
1755 1817 1841 1853 Nisi
1867 1817 1976 1853 enim

317 1883 379 1918 vis
430 1883 651 1919 inferretur
689 1884 755 1919 vel
802 1883 1047 1919 accidentali
1094 1893 1192 1919 casu
1240 1882 1383 1918 mortis
1430 1883 1493 1918 vel
1534 1892 1633 1919 cura
1679 1882 1976 1923 medicaminis,

318 1958 462 1983 omnes
499 1949 766 1993 pervenirent
802 1949 852 1983 ad
891 1950 1150 1984 senectutem
1185 1949 1226 1983 et
1269 1949 1554 1983 canescerent.
1605 1947 1659 1983 Et
1694 1948 1830 1987 nota,
1867 1946 1976 1991 quod

317 2013 463 2048 dicitur
489 2023 714 2048 canescere
749 2013 974 2048 convenire
1012 2013 1122 2048 omni
1157 2012 1312 2047 homini
1350 2012 1601 2053 naturaliter,
1638 2021 1713 2056 per
1748 2020 1974 2063 canescere
1995 2019 2029 2043 25

317 2087 399 2112 non
427 2076 655 2120 potentiam
682 2076 812 2120 accipi
840 2076 1102 2113 canescendi.
1131 2085 1237 2120 quae
1265 2084 1429 2120 semper
1455 2075 1563 2111 inest
1589 2076 1630 2110 et
1663 2075 1864 2115 omnibus,
1901 2074 1976 2110 sed

318 2141 449 2185 ipsum
487 2143 621 2176 actum
660 2141 920 2176 canescendi.
973 2141 1072 2176 Nam
1109 2140 1353 2176 naturaliter
1395 2140 1503 2184 quod
1543 2139 1813 2184 aptitudinem
1849 2140 1976 2180 notat,
2030 2162 2031 2165 =

317 2206 452 2250 potius
488 2206 539 2241 ad
576 2206 802 2241 convenire
836 2206 1021 2241 refertur.
1059 2215 1181 2249 quam
1219 2205 1270 2240 ad
1306 2214 1545 2240 canescere.
1598 2205 1644 2239 Εἰ
1679 2204 1794 2249 quod
1824 2204 1907 2240 soli
1939 2206 1977 2239 et

318 2271 437 2305 omni
464 2273 499 2305 et
525 2280 702 2315 semper,
738 2272 780 2305 nt
817 2271 986 2306 risibile.
1040 2270 1137 2309 ,Hoc
1171 2276 1332 2305 nomen·
1372 2269 1646 2314 supplendum
1683 2270 1757 2309 est,
1795 2278 1887 2304 cum
1924 2268 1977 2304 sit

319 2335 513 2370 accidens
535 2337 704 2379 propter
724 2335 924 2379 quasdam
946 2334 1214 2375 differentias,
1243 2343 1349 2378 quae
1372 2333 1492 2369 unius
1514 2335 1670 2369 tantum
1693 2333 1788 2369 sunt
1809 2332 1974 2378 speciei.
1995 2341 2030 2366 30

318 2398 508 2442 Speciem
536 2407 699 2442 quoque
728 2398 1071 2442 specialissimam
1100 2397 1251 2442 ubique
1279 2397 1470 2442 intellige.
1499 2397 1595 2441 quia
1615 2396 1788 2432 aliarum
1809 2396 1977 2441 propria

319 2472 399 2498 non
440 2465 599 2498 tractat.
662 2463 784 2498 Nota
823 2463 931 2507 quod
976 2472 1100 2507 super
1144 2463 1251 2498 hunc
1290 2462 1423 2498 locum
1459 2461 1701 2497 Boethius
1740 2461 1781 2496 in
1820 2461 1975 2506 primo

318 2527 603 2562 Commento
632 2526 727 2561 dicit
754 2527 908 2562 risibile
936 2527 975 2561 in
1005 2526 1099 2570 quid
1135 2526 1367 2571 praedicari
1403 2526 1453 2561 de
1490 2525 1655 2561 homine
1690 2525 1754 2560 his
1790 2525 1930 2561 verbis
1944 2527 1975 2560 3:

319 2601 508 2635 ,namque
536 2592 640 2626 haec
667 2591 888 2635 speciebus
916 2591 1002 2626 suis
1030 2591 1216 2626 converti
1248 2591 1434 2635 possunt.
1486 2590 1527 2626 Si
1566 2590 1675 2625 enim
1711 2590 1843 2626 dicas:
1880 2590 1976 2634 quid

462 2714 478 2744 4
508 2722 529 2744 a
551 2713 688 2752 speciei
710 2713 836 2744 haeret
855 2714 879 2743 Λ
905 2713 1080 2745 adhaeret
1101 2713 1239 2752 speciei
1256 2712 1331 2750 A2L
1435 2713 1454 2742 9
1476 2720 1555 2743 cum
1580 2712 1626 2749 ΑΞ
1652 2713 1672 2741 ὂ
1697 2711 1723 2741 Α
1776 2709 1825 2750 id}
1847 2711 1929 2743 inde
1945 2712 1975 2742 A

323 2774 360 2803 14
387 2773 474 2812 post
500 2772 644 2803 nomine
672 2771 759 2803 add.
791 2772 815 2801 A
847 2772 923 2803 acci
1029 2773 1068 2803 15
1096 2774 1133 2803 ut
1160 2772 1291 2803 homini
1322 2772 1368 2809 ,ΔΙ-,ι
1395 2772 1525 2803 lacuna
1553 2771 1589 2803 in
1616 2770 1644 2802 A
1697 2771 1765 2802 hoc
1793 2770 1840 2808 Λ-,ι
1866 2770 1922 2802 hic
1945 2770 1976 2802 A

322 2832 361 2862 1ss
389 2839 586 2862 canescere
610 2831 683 2868 A2L
709 2839 820 2862 canes
848 2839 931 2862 esse
956 2831 982 2860 A
1070 2831 1111 2862 22
1140 2831 1184 2862 ad
1212 2832 1436 2862 senectutem
1463 2830 1539 2867 2121.
1564 2839 1634 2861 om.
1656 2829 1684 2861 Α
1776 2829 1818 2861 23
1846 2829 1901 2861 vis
1931 2830 1977 2866 A2

320 2898 390 2920 om.
413 2889 439 2920 A
517 2890 558 2920 24
576 2889 620 2920 ad
636 2891 861 2921 senectutem
877 2889 924 2926 ΑΖ
939 2898 1010 2920 om.
1027 2889 1055 2920 Α
1132 2889 1171 2919 31
1191 2889 1343 2920 aliarum
1361 2889 1436 2926 A2L
1457 2889 1562 2920 aliter
1590 2889 1617 2919 Α
1694 2888 1736 2920 32
1753 2888 1885 2920 tractat
1899 2887 1976 2925 A2L

319 2949 475 2979 tractant
502 2947 529 2979 A

460 3017 469 3038 ¹
501 3018 661 3055 Boeth.,
691 3018 734 3049 In
761 3018 897 3058 Porph.
927 3018 980 3049 ed.
1011 3017 1036 3049 11
1065 3018 1085 3049 I.
1117 3027 1155 3055 0.,
1184 3026 1217 3057 p.
1246 3013 1401 3049 2768-9.

460 3076 473 3096 ²
500 3076 661 3110 Hoetu..
691 3076 742 3107 De
768 3076 848 3108 Die.
876 3076 931 3107 PL
959 3076 1012 3112 64,
1030 3076 1093 3107 881
1112 3075 1148 3107 B.
1202 3075 1252 3107 Cr.
1282 3075 1384 3107 infra
1411 3084 1444 3114 p.
1473 3075 1516 3107 89
1530 3074 1570 3107 ³⁵.

459 3133 473 3154 ³⁵
499 3134 660 3171 Hoetu,
688 3135 731 3166 In
759 3134 896 3174 Porph.
925 3134 979 3166 ed.
1006 3134 1019 3165 Ι
1047 3134 1067 3166 l.
1096 3143 1134 3171 6.,
1162 3143 1195 3173 p.
1225 3134 1267 3166 99
1282 3133 1321 3163 21.
