2200 3387
229 891 259 915 lt)

226 1217 256 1241 15

222 1544 256 1568 211

220 1869 254 1894 25

218 2195 252 2220 30

217 2525 252 2550 35

811 203 836 235 1.
866 203 931 235 Die
959 202 1115 234 classen
1145 210 1186 233 zu
1216 201 1449 242 Porphyrius.
1915 201 1953 234 21

427 297 636 338 Quidam
665 301 802 335 tamen
832 308 923 335 eam
953 299 1060 334 idem
1089 298 1197 343 quod
1227 298 1478 333 intellectum
1504 302 1665 335 vocant.
1695 301 1736 334 ut
1758 298 1955 334 fabricam

284 361 406 397 turris
428 371 550 406 quam
579 362 754 398 absente
782 364 893 398 turre
922 362 1112 407 concipio
1141 364 1181 397 et
1209 362 1331 397 altam
1362 364 1402 397 et
1429 362 1673 405 quadratam
1704 362 1740 397 in
1771 362 1957 406 spatioso

283 436 430 471 campo
465 427 732 472 contemplor.
774 427 881 463 idem
924 427 1033 472 quod
1075 427 1325 462 intellectum
1366 427 1487 462 turris
1525 427 1746 471 appellant.
1800 427 1957 467 Quibus

282 491 618 528 Aristoteles·
643 493 848 528 assentire
873 493 1052 529 videtur.
1075 492 1142 536 qui
1166 491 1387 536 passiones
1410 491 1574 527 animae
1598 501 1702 536 quas
1724 492 1957 529 intellectus

284 558 444 594 vocant.
473 566 609 593 rerum
637 557 927 593 similitudines
957 557 995 592 in
1025 557 1133 593 Peri
1162 556 1451 592 ermeneias
1479 557 1671 601 appellat.

423 620 505 656 Nos
533 624 670 657 autem
701 621 923 667 imaginem
953 621 1262 657 similitudinem
1292 620 1350 655 rei
1373 620 1556 656 dicimus.
1605 621 1684 655 sed
1708 621 1805 656 ninii
1828 621 1955 657 obest.

280 684 312 720 si
351 684 583 721 intellectus
617 694 783 730 quoque
820 685 1128 730 quodammodo
1157 684 1380 720 similitudo
1410 684 1580 721 dicatur.
1610 685 1707 729 quia
1735 685 1893 720 scilicet
1918 685 1954 720 id

281 749 389 794 quod
417 750 581 795 proprie
603 750 663 786 rei
685 750 908 786 similitudo
931 750 1088 787 dicitur.
1111 749 1302 794 concipit.
1356 749 1474 789 Quod
1497 759 1585 785 nos
1607 749 1659 785 ab
1677 759 1727 785 eo
1745 749 1953 785 diversum

279 814 457 851 diximus
485 817 525 850 et
553 816 671 851 bene.
725 816 890 856 Quaero
919 815 1039 851 enim.
1075 817 1208 851 utrum
1238 814 1306 850 illa
1333 814 1588 860 quadratura
1616 817 1656 850 et
1684 814 1753 849 illa
1780 814 1952 850 altitudo

280 888 381 915 vera
394 879 527 915 forma
548 879 599 915 sit
620 879 866 918 intellectus.
884 880 951 925 qui
974 880 1025 916 ad
1048 879 1358 915 similitudinem
1379 879 1620 924 quantitatis
1637 879 1760 914 turris
1782 878 1956 914 ducatur

278 946 318 980 et
344 944 659 989 compositionis
687 945 788 981 eius.
835 944 916 981 Sed
945 946 1132 991 profecto
1161 954 1264 980 vera
1291 945 1547 990 quadratura
1576 947 1616 980 et
1645 954 1746 980 vera
1779 944 1953 980 altitudo

278 1019 360 1046 non
389 1009 465 1045 nisi
493 1011 737 1055 corporibus
765 1011 916 1048 insunt.
944 1011 1042 1047 ficta
1077 1011 1202 1046 etiam
1243 1010 1442 1055 qualitate
1483 1019 1560 1046 nec
1602 1009 1836 1046 intellectus
1878 1019 1954 1045 nec

278 1075 359 1111 ulla
395 1084 497 1111 vera
533 1076 718 1112 essentia
764 1076 934 1112 formari
972 1078 1119 1121 potest.
1178 1076 1322 1112 Restat
1364 1075 1494 1120 igitur.
1537 1075 1725 1121 utjsicut
1759 1074 1855 1110 l'icta
1889 1077 1954 1110 est

277 1139 467 1185 qualitas.
494 1140 592 1177 ficta
619 1141 854 1177 substantia
881 1141 932 1177 sit
960 1141 997 1177 ei
1019 1141 1220 1177 subiecta.
1272 1140 1468 1177 Fortasse
1491 1142 1630 1176 autem
1653 1142 1694 1176 et
1716 1150 1766 1176 ea
1795 1141 1953 1185 speculi

277 1207 425 1252 imago.
466 1215 572 1251 quae
613 1206 721 1243 visui
761 1207 951 1243 subiecta
990 1216 1196 1252 apparere
1235 1206 1408 1243 videtur.
1450 1206 1546 1242 nihil
1589 1215 1684 1242 esse
1727 1216 1826 1242 vere
1874 1206 1953 1245 dici

278 1273 424 1317 potest.
459 1271 655 1316 quoniam
690 1272 849 1308 scilicet
885 1272 925 1308 in
966 1273 1061 1308 alba
1101 1271 1259 1317 speculi
1298 1271 1519 1316 superficie
1564 1271 1761 1307 contrarii
1801 1273 1953 1309 coloris

278 1337 455 1382 qualitas
484 1346 613 1382 saepe
641 1340 827 1382 apparet.

419 1402 518 1438 Illud
547 1404 686 1438 autem
714 1403 892 1448 quaeri
920 1404 1068 1448 potest.
1105 1412 1198 1438 cum
1227 1403 1345 1438 simul
1375 1402 1514 1438 anima
1542 1402 1668 1438 sentit
1695 1404 1737 1438 et
1764 1402 1953 1449 intelligit

277 1467 397 1505 idem.
438 1468 565 1504 veluti
604 1477 697 1504 cum
732 1468 913 1513 lapidem
951 1468 1092 1505 cernit.
1128 1470 1263 1504 utrum
1303 1470 1399 1504 tunc
1435 1477 1602 1513 quoquc
1649 1468 1883 1505 intellectus
1911 1470 1949 1505 in

277 1532 457 1579 imagine
497 1533 646 1578 lapidis
680 1535 777 1579 agat
817 1534 882 1570 vel
921 1533 1039 1569 simul
1077 1533 1312 1570 intellectus
1353 1536 1394 1569 et
1434 1543 1585 1570 sensus
1613 1534 1653 1570 in
1682 1533 1772 1579 ipso
1801 1534 1950 1579 lapide.

276 1598 357 1635 Sed
385 1599 672 1636 rationabilius
693 1599 867 1638 videtur.
897 1601 939 1635 ut
966 1601 1062 1635 tunc
1090 1599 1324 1635 intellectus
1346 1599 1527 1645 imagine
1555 1609 1638 1635 non
1667 1602 1801 1645 egeat.
1831 1602 1835 1643 Ι
1860 1610 1949 1636 cum

276 1666 444 1709 praesto
483 1666 546 1701 est
583 1665 621 1700 ei
657 1665 919 1701 substantiae
951 1665 1107 1700 veritas
1120 1668 1145 1700 2¹.
1199 1664 1240 1701 Si
1268 1665 1360 1710 quis
1389 1667 1528 1701 autem
1557 1664 1677 1705 dicat.
1708 1665 1774 1701 ubi
1802 1674 1950 1702 sensus

275 1733 350 1767 est.
389 1729 643 1766 intellectum
682 1740 766 1766 non
806 1739 915 1769 esse.
950 1740 1033 1766 non
1074 1730 1353 1766 concedimus.
1420 1730 1555 1775 Saepe
1596 1731 1706 1767 enim
1747 1732 1950 1777 contingit

274 1795 455 1831 animam
468 1795 578 1831 aliud
594 1804 768 1832 cernere
785 1797 909 1841 atque
925 1795 1037 1831 aliud
1053 1796 1348 1841 intelligerent
1361 1796 1467 1832 bene
1484 1796 1746 1832 studentibus
1763 1800 1948 1842 apparet.

275 1859 343 1905 qui
383 1868 474 1895 cum
515 1859 671 1904 apertis
711 1860 842 1896 oculis
883 1860 1124 1905 praesentia
1163 1862 1348 1897 cernant.
1390 1860 1472 1896 alia
1512 1862 1662 1897 tamen.
1709 1861 1760 1897 de
1801 1861 1948 1906 quibus

274 1924 470 1962 scribunt.
498 1925 716 1971 cogitant.³⁵

416 1990 550 2026 Nunc
577 1993 745 2027 autem
773 1993 953 2027 natura
978 1991 1335 2027 intellectuum
1364 1992 1684 2037 generaliter
1716 1992 1948 2038 inspecta

274 2056 643 2092 universalium
672 2058 721 2092 et
749 2056 1080 2102 singularium
1109 2057 1410 2093 intellectus
1439 2057 1823 2103 distinguamus.
1871 2059 1948 2098 Qui

274 2121 439 2166 quidem
479 2121 519 2158 in
566 2131 617 2158 eo
663 2122 911 2159 dividuntur.
960 2122 1069 2167 quod
1115 2122 1182 2158 ille
1230 2123 1298 2168 qui
1345 2123 1595 2159 universalis
1648 2124 1826 2159 nominis
1873 2127 1946 2161 est.

273 2195 533 2223 communem
569 2192 609 2222 et
636 2186 852 2223 confusam
881 2187 1103 2232 imaginem
1132 2187 1350 2223 multorum
1380 2187 1570 2232 concipit,
1600 2187 1666 2224 ille
1695 2197 1796 2224 vero
1825 2198 1946 2233 quem

274 2260 357 2287 vox
385 2250 607 2297 singularis
635 2252 821 2297 generat.
863 2251 1072 2296 propriam
1112 2251 1232 2287 unius
1267 2253 1308 2288 et
1342 2251 1462 2296 quasi
1489 2251 1743 2297 singularem
1770 2252 1945 2289 formam

273 2317 398 2354 tenet.
438 2316 516 2352 hoc
556 2318 620 2352 est
660 2317 712 2352 ad
752 2326 876 2353 unam
906 2318 1064 2352 tantum
1092 2327 1317 2362 personam
1346 2327 1390 2353 se
1418 2318 1654 2354 habentem.
1707 2318 1826 2354 Unde
1854 2328 1946 2354 cum

272 2381 396 2418 audio
437 2381 595 2419 .hom0·.
635 2381 844 2426 quoddam
884 2382 1018 2418 instar
1056 2382 1096 2418 in
1143 2383 1281 2419 animo
1322 2383 1464 2429 surgit.
1511 2383 1620 2428 quod
1661 2383 1712 2419 ad
1759 2383 1945 2430 singulos

273 2446 462 2483 homines
503 2446 562 2483 sic
596 2456 642 2483 se
670 2447 807 2484 habet.
845 2449 888 2483 ut
921 2447 1102 2483 omnium
1131 2448 1183 2483 sit
1214 2457 1432 2484 commune
1467 2451 1508 2484 et
1542 2448 1692 2484 nullius
1722 2449 1944 2494 proprium.

272 2510 373 2547 Cum
401 2512 539 2547 autem
576 2511 701 2548 audio
730 2511 959 2549 .S0crates·.
987 2512 1121 2548 forma
1161 2513 1366 2557 quaedam
1403 2512 1443 2549 in
1484 2513 1622 2549 animo
1661 2513 1801 2559 surgit,
1839 2523 1946 2558 quac

272 2577 413 2612 certae
454 2585 662 2621 personae
703 2576 1009 2613 similitudinem
1052 2578 1256 2622 exprimit.
1310 2578 1427 2614 Unde
1468 2588 1543 2624 per
1577 2579 1655 2615 hoc
1684 2579 1942 2614 vocabulum.

272 2642 381 2687 quod
409 2643 472 2678 est
499 2642 704 2680 Socrates.
733 2643 843 2688 quod
871 2643 1082 2688 propriam
1111 2643 1230 2679 unius
1256 2644 1430 2680 formam
1459 2644 1608 2689 ingerit
1635 2644 1674 2680 in
1697 2644 1846 2680 anim0.
1875 2654 1943 2680 res

272 2706 478 2752 quaedam
515 2707 768 2744 certificatur
802 2710 842 2744 et
870 2708 1181 2745 determinatur.
1220 2719 1294 2755 per
1334 2709 1477 2745 homo·
1520 2719 1631 2746 vero.
1672 2709 1788 2745 cuius
1828 2709 1944 2745 intel—

414 2834 433 2866 2
461 2834 614 2867 alteram
636 2835 661 2867 A
688 2836 912 2875 quadratura
933 2836 961 2868 A
1016 2838 1033 2866 Γ)
1057 2837 1133 2877 peri
1156 2845 1231 2868 erin
1253 2837 1279 2868 A
1335 2840 1354 2868 ὃ
1376 2834 1495 2875 Quod}
1517 2837 1602 2877 quia
1625 2837 1649 2869 ,Ι
1718 2838 1755 2868 13
1781 2836 1942 2877 formari]

272 2894 388 2926 forma
413 2894 440 2926 A
498 2895 536 2926 14
566 2894 731 2926 subiecto
758 2895 785 2926 A
842 2896 883 2927 16
907 2894 1093 2935 quoniam}
1117 2898 1163 2935 qn
1186 2896 1212 2928 ,l
1273 2897 1313 2927 :34
1331 2897 1533 2928 communis
1549 2898 1584 2929 et
1600 2897 1731 2929 nullius
1748 2897 1897 2937 propria
1912 2897 1941 2929 A

415 2969 423 2990 ¹
454 2969 609 3007 Boeth,
639 2970 680 3002 Iu
709 2970 792 3003 libr.
820 2971 934 3003 Arist.
965 2968 1060 3014 Περὶ
1088 2971 1168 3013 ἑρμ.
1198 2972 1219 3005 l.
1249 2973 1266 3003 :3
1286 2971 1322 3004 ¹⁴³.

412 3028 427 3050 2
454 3029 505 3061 (Ὺ.
537 3029 654 3061 Τνασί.
683 3029 728 3062 (le
755 3030 881 3067 intell..
910 3040 943 3071 p.
973 3027 1144 3063 73611-12.

411 3088 426 3108 ³¹
455 3089 505 3120 (Ὺ.
539 3089 655 3120 Τιά(·Ι.
684 3089 728 3120 ‹Ie
756 3089 882 3125 tuteli..
912 3099 944 3129 p.
974 3090 1095 3122 73531.

1981 1609 2002 1640 s.

2032 1611 2050 1640 >1
2064 1618 2082 1640 1·
