2200 3387
132 889 263 922 linem.

111 946 141 978 p.
156 935 264 970 :32912

302 229 363 261 104
699 229 803 261 l’vter
831 229 1033 261 Abuelzirds
1062 230 1194 268 Lugii-21
1223 230 1546 269 .lingredientibus&

298 327 335 362 in
365 328 672 362 Commento¹
709 326 859 361 talibus
893 326 1030 361 verbis
1064 326 1259 370 explicat:
1301 326 1534 365 .lndividua.
1562 328 1702 373 inquit.
1730 329 1950 365 individuis

297 392 432 427 iuncta
460 391 670 427 individua
695 390 874 426 fortasse
904 390 1130 434 perficiunt.
1160 390 1247 435 ipse
1269 400 1369 426 vero
1392 400 1522 436 equus
1544 393 1794 437 simpliciter,
1822 394 1859 430 id
1888 396 1951 430 est

297 455 595 491 universaliter.
629 459 668 491 et
702 455 844 490 asinus
872 455 1163 490 universaliter
1188 464 1324 499 neque
1350 456 1589 500 permisceri
1616 460 1791 502 possunt
1816 468 1950 503 neque

296 520 459 564 aliquid.
477 521 509 555 si
526 520 776 565 cogitatione
792 520 1052 556 misceantur.
1071 520 1274 555 efficiunt:
1304 519 1421 560 Quod
1440 521 1578 565 itaque
1593 522 1695 558 dixit
1716 522 1951 559 Boethius

295 584 504 619 individua
538 584 716 619 fortasse
751 583 918 619 efficere
953 583 1060 619 aliud
1090 583 1353 620 individuum.
1393 592 1459 619 res
1499 584 1612 629 ipsas
1649 586 1805 630 accipe.
1845 596 1950 631 quae
1971 594 1986 618 5

295 649 459 693 proprie
499 648 746 685 individuae.
786 649 824 683 id
865 650 927 683 est
962 648 1177 686 discretae.
1218 648 1423 690 dicuntur:
1463 649 1571 693 quod
1611 659 1710 686 vero
1751 651 1950 687 fortasse·

295 713 494 757 apposuit.
524 713 615 748 ideo
643 713 750 749 fecit.
779 712 885 757 quia.
914 715 955 748 ut
983 712 1172 751 diximus,
1200 713 1364 757 proprie
1393 715 1433 749 et
1459 714 1709 758 simpliciter.
1738 715 1776 750 id
1805 717 1869 751 est
1896 715 1952 751 in-

297 781 412 821 tegre
447 781 486 813 et
523 778 714 813 totaliter.
749 778 857 822 quod
886 777 975 821 ipse
1009 777 1301 814 universaliter
1337 778 1534 824 intelligit.
1572 779 1830 816 substantiae
1858 780 1952 825 equi

295 846 335 878 et
363 843 468 878 asini
497 843 536 877 in
558 843 664 878 mulo
693 852 774 877 non
803 842 1055 878 conveniunt
1082 852 1158 878 nec
1186 843 1410 878 convenire
1438 845 1613 887 possunt
1640 854 1743 880 sane
1769 845 1950 891 intelligi.

434 908 678 942 Disserentur
719 918 814 942 vero
847 907 1087 951 ‹zeqnaliler
1117 908 1395 952 participare,
1434 908 1473 943 id
1514 910 1575 944 est
1611 909 1701 945 sine
1739 910 1870 955 magis
1910 911 1952 946 et
1974 915 2006 940 10

294 971 426 1007 minus
467 972 528 1006 liis
568 972 749 1007 evenire.
789 981 895 1016 quae
935 974 1089 1007 notant.
1142 971 1257 1012 Quod
1299 972 1433 1008 statim
1469 974 1650 1008 ostendit
1688 974 1727 1010 in
1767 974 1952 1019 partibus

294 1036 552 1072 differentiae
592 1038 631 1072 et
670 1037 822 1081 proprii
861 1037 1020 1072 dicens:
1061 1037 1306 1081 „loqualiter
1340 1038 1464 1073 enim.
1518 1038 1691 1082 Insuper
1728 1049 1953 1075 commune

293 1103 348 1135 es!
377 1101 654 1146 [inlati-isque,
686 1101 725 1137 id
754 1103 817 1137 est
845 1102 1105 1137 differentiae
1133 1103 1173 1137 et
1206 1102 1384 1146 proprio.
1422 1112 1588 1147 semper
1614 1103 1776 1141 adesse.
1814 1104 1852 1140 id
1889 1107 1952 1140 est

292 1166 516 1201 convenire
544 1167 667 1201 rebus
702 1166 932 1203 nominatis.
971 1167 1163 1211 quamdiu
1201 1167 1360 1211 integre
1396 1177 1513 1203 suam
1550 1168 1823 1204 substantiam
1861 1169 1951 1205 sine

292 1232 556 1275 corruptione
594 1240 660 1267 res
694 1232 785 1267 illae
823 1232 1036 1267 subiectae
1076 1232 1323 1267 custodiunt.
1374 1232 1418 1267 Se·
1451 1233 1562 1267 enim
1593 1235 1789 1268 curtetur.
1843 1233 1949 1269 Vere
1973 1245 2004 1269 15

291 1295 525 1331 differentia
547 1304 713 1340 semper
733 1295 862 1332 adest.
885 1296 979 1340 quia
1000 1295 1128 1340 bipes.
1180 1295 1212 1330 Α
1235 1298 1351 1340 parte
1374 1296 1480 1331 illius
1507 1294 1768 1332 differentiae
1791 1297 1844 1345 de*
1869 1307 1950 1342 qua

292 1360 425 1395 minus
453 1360 673 1396 videretur.
725 1360 771 1395 Et
799 1369 896 1395 vere
924 1360 1134 1405 proprium
1161 1369 1328 1405 semper
1354 1361 1484 1398 adest.
1512 1361 1608 1405 quia
1640 1361 1806 1400 riSibile.
1843 1362 1951 1406 quod

292 1425 427 1460 statim
456 1425 666 1469 supponit:
694 1425 800 1460 Nam
831 1427 867 1460 et
897 1425 1065 1460 risibile.
1119 1424 1185 1461 Sic
1211 1426 1321 1470 lege:
1355 1424 1562 1465 Quamvis
1580 1428 1762 1469 curtetur
1788 1427 1855 1463 ille
1883 1428 1951 1472 qui

292 1492 355 1525 est
382 1490 510 1534 bipes.
538 1492 675 1525 tamen
704 1500 786 1525 non
816 1490 907 1525 ideo
935 1490 1148 1534 perimitur
1174 1490 1215 1525 in
1243 1491 1484 1526 substantia.
1513 1491 1551 1526 id
1580 1493 1643 1527 est
1670 1501 1752 1527 non
1774 1501 1952 1528 corrum-

292 1554 399 1599 pitur
426 1555 650 1590 secundum
686 1555 908 1599 specialem
944 1557 1106 1591 statum.
1142 1564 1268 1599 quare
1309 1564 1386 1591 nec
1426 1555 1572 1591 amittit
1611 1564 1706 1591 esse
1748 1556 1948 1601 bipedem.
1971 1568 2006 1592 20

292 1618 390 1654 Cum
428 1619 535 1654 enim
571 1620 687 1664 bipes
730 1620 883 1655 homini
921 1620 972 1655 sit
1014 1619 1298 1656 substantiale.
1335 1629 1418 1655 non
1454 1622 1592 1665 potest
1630 1621 1819 1657 amittere
1857 1631 1951 1658 esse

290 1683 492 1728 bipedem.
527 1684 604 1719 nisi
633 1687 917 1728 corrumpatur
951 1685 1175 1719 secundum
1204 1684 1475 1720 substantiam
1510 1684 1695 1721 hominis,
1724 1695 1845 1730 quam
1883 1695 1952 1721 ne-

292 1748 476 1783 cessario
516 1748 763 1793 bipedalitas
802 1749 898 1784 facit
937 1749 1040 1784 sicut
1079 1749 1336 1784 rationalitas
1380 1752 1420 1784 et
1465 1751 1631 1785 ceterae
1678 1749 1950 1787 differentiae.

293 1813 371 1847 Sed
395 1823 570 1858 semper.
623 1813 714 1858 Ipse
743 1814 864 1849 etiam
893 1816 1076 1849 curtatus
1105 1813 1252 1849 dicitur
1285 1822 1380 1849 esse
1415 1814 1467 1849 ad
1494 1814 1532 1849 id
1569 1814 1803 1850 habendum
1830 1817 1950 1860 aptus

293 1878 342 1913 ad
380 1878 488 1922 quod
523 1878 757 1914 habendum
797 1880 917 1914 natus
958 1881 1020 1914 est
1053 1880 1183 1922 aptus.
1236 1879 1360 1923 Bipes
1395 1879 1504 1914 enim
1537 1878 1683 1914 dicitur
1720 1889 1814 1917 non.
1855 1880 1950 1924 quia
1970 1891 2003 1915 25

292 1943 507 1979 actualiter
540 1943 692 1978 habeat
724 1943 864 1988 pedes.
902 1944 975 1979 sed
1013 1944 1107 1988 quia
1142 1945 1261 1988 aptus
1300 1945 1420 1979 natus
1455 1948 1520 1979 est
1559 1944 1609 1979 ad
1650 1944 1753 1980 duos
1793 1946 1949 1980 tantum

292 2009 420 2052 pedes
448 2008 674 2043 habendos.
726 2008 838 2043 Duos
866 2009 1029 2053 quidem
1058 2010 1214 2043 tantum
1243 2008 1426 2045 dicimus.
1455 2008 1549 2052 quia
1573 2009 1693 2044 aliter
1714 2010 1949 2054 quadrupes

293 2075 435 2117 posset
463 2073 540 2108 dici
573 2072 706 2117 bipes:
747 2073 897 2117 quippe
932 2073 1177 2117 quicumque
1212 2075 1404 2117 quattuor
1442 2073 1572 2117 pedes
1608 2074 1762 2109 habere
1799 2075 1948 2118 potest.

292 2139 429 2182 potest
456 2138 578 2173 etiam
608 2138 709 2173 duos
735 2138 901 2173 habere.
930 2138 1003 2173 sed
1032 2148 1111 2173 non
1141 2138 1243 2173 duos
1270 2139 1439 2173 tantum.
1490 2138 1714 2174 Praeterea
1735 2138 1809 2174 nisi
1831 2139 1949 2183 bipes

291 2203 340 2239 ad
371 2203 474 2238 duos
500 2204 656 2238 tantum
685 2203 814 2247 pedes
843 2212 888 2238 se
915 2203 1099 2238 haberet.
1127 2212 1209 2238 non
1237 2205 1350 2238 esset
1376 2202 1552 2238 hominis
1580 2203 1763 2238 definitio
1792 2213 1842 2239 ea
1869 2213 1950 2248 qua
1969 2218 2004 2243 30

292 2268 625 2303 Aristoteles-²
663 2267 804 2303 utitur:
854 2268 1015 2303 ,animal
1043 2267 1261 2312 gressibile
1290 2267 1428 2312 bipes.
1469 2277 1574 2311 quae
1614 2267 1736 2304 etiam
1776 2268 1950 2312 quadru-

293 2332 464 2376 pedibus
493 2332 744 2368 conveniret.
799 2332 914 2368 [nde
937 2332 1041 2367 sicut
1069 2332 1121 2367 ibi
1143 2332 1357 2376 gressibile
1386 2332 1619 2376 accipimus.
1648 2333 1757 2376 quod
1793 2334 1948 2368 tantum

292 2397 406 2441 gradi
434 2399 579 2441 potest.
608 2407 690 2432 non
719 2397 841 2432 etiam
865 2397 1017 2433 volare.
1046 2406 1097 2432 ne
1120 2397 1276 2432 scilicet
1297 2397 1442 2432 avibus
1464 2406 1626 2441 quoquc
1648 2397 1780 2442 possit
1801 2407 1950 2433 conve-

292 2461 379 2497 nire
408 2461 602 2498 definitio.
639 2462 695 2497 ita
729 2464 769 2497 et
803 2462 918 2506 bipes
949 2462 1133 2498 dicimus
1167 2462 1275 2506 quod
1312 2462 1415 2497 duos
1452 2463 1608 2497 tantum
1645 2462 1775 2506 pedes
1812 2463 1950 2506 potest

292 2527 455 2561 habere.
483 2536 562 2561 non
594 2527 742 2570 plures.
1967 2535 2002 2560 35

433 2591 619 2626 Occurrit
645 2595 782 2627 autem
812 2592 888 2627 hoc
916 2592 1005 2627 loco
1035 2592 1284 2636 quaestio.
1323 2592 1529 2636 quomodo
1567 2591 1632 2626 ille
1661 2591 1728 2635 qui
1764 2592 1948 2626 curtatus

291 2657 363 2691 est.
393 2656 523 2699 possit
550 2656 703 2691 habere
733 2656 835 2691 duos
863 2657 1003 2700 pedes.
1039 2656 1354 2693 utrumssscilicet
1381 2656 1447 2691 ita.
1476 2656 1584 2700 quod
1612 2656 1691 2691 duo
1727 2656 1782 2691 illi
1817 2655 1947 2700 pedes

289 2720 368 2755 sint
395 2721 576 2756 contenti
611 2721 649 2756 in
689 2721 756 2756 illa
789 2721 973 2756 essentia
1006 2721 1153 2756 curtati
1181 2721 1246 2756 vel
1283 2721 1336 2756 illi
1369 2721 1658 2758 adhaerentes.
1696 2720 1801 2756 sicut
1836 2720 1947 2765 prius

291 2787 418 2821 erant.
472 2785 552 2821 Sed
579 2786 612 2820 si
634 2786 688 2821 ita
710 2786 905 2821 dicamus.
928 2786 1035 2829 quod
1059 2786 1097 2821 in
1121 2786 1211 2831 ipsa
1233 2786 1417 2821 essentia
1438 2785 1583 2821 curtati
1606 2787 1746 2821 essent
1768 2794 1817 2821 eo
1840 2784 1948 2829 quod

290 2850 340 2885 de
368 2853 482 2894 parte
510 2850 647 2894 aliqua
675 2850 780 2885 illius
808 2853 978 2894 possent
1004 2850 1170 2886 formari
1192 2851 1332 2895 pedes.
1361 2859 1581 2895 possumus
1613 2850 1759 2885 eadem
1786 2849 1946 2884 ratione
1966 2861 2000 2885 40

432 2949 448 2979 4
478 2948 697 2988 cogitatione
730 2948 857 2979 Boetlz.
891 2948 1160 2988 significatione
1194 2948 1221 2980 A
1346 2949 1364 2979 ἴ)
1399 2948 1516 2988 accipi
1542 2948 1567 2979 A
1697 2948 1737 2978 15
1770 2955 1890 2978 rerum
1916 2947 1943 2978 A

293 3006 332 3036 1ss
361 3006 421 3037 illa
446 3006 474 3037 A
564 3006 600 3037 21
634 3006 788 3037 hominis
1101 3038 1117 3055 θ

433 3064 440 3085 ¹
471 3065 629 3098 Hocth..
659 3065 700 3096 Iu
730 3065 866 3105 Porph.
897 3066 917 3096 Ι.
947 3075 984 3102 (κ,
1015 3074 1046 3105 p.
1075 3065 1192 3097 :529¹1.

430 3124 444 3143 “-’
471 3124 628 3157 Boeth..
659 3124 699 3155 In
730 3124 817 3155 libri
849 3120 937 3164 Περὶ
967 3124 1059 3165 ign..
1087 3124 1141 3155 ed.
1171 3124 1334 3155 Mciser
1362 3124 1398 3160 ll,
1428 3133 1459 3163 p.
1489 3124 1531 3155 9ss
1546 3122 1585 3154 ²³.
