2200 3387
604 206 632 239 1.
662 205 726 238 Die
753 206 908 238 (ilossen
937 215 979 238 zu
1010 205 1242 245 Porphyrius.
1274 223 1311 226 —-
1345 200 1394 237 De
1422 214 1570 247 genere.
1874 205 1918 238 :35

244 303 339 340 dam
363 312 459 340 esse
481 304 724 349 principium
747 303 979 348 specierum
1004 303 1067 338 vel
1093 303 1129 338 in
1153 311 1203 337 co
1221 303 1389 342 scilicet.
1412 303 1520 348 quod
1543 313 1634 339 cum
1659 314 1725 340 res
1749 304 1917 339 easdem

244 368 450 413 significet
477 378 581 414 quas
609 369 786 414 species
815 368 853 404 in
877 368 1000 413 priori
1031 368 1273 403 naturaliter
1294 370 1400 403 statu
1418 378 1490 404 eas
1508 368 1725 414 significat.
1754 369 1918 413 species

247 443 347 470 vero
376 434 414 470 in
444 434 675 479 posteriori.
705 434 769 470 vel
799 434 837 469 in
867 442 917 469 eo
946 433 1054 478 quod
1086 433 1295 469 sententia
1321 434 1531 478 generalis
1555 435 1732 470 nominis
1754 437 1920 470 senten-

247 499 343 535 tiam
365 499 560 545 specialis
581 498 760 535 nominis
783 498 1090 544 quodammodo
1118 498 1342 534 constituit.
1394 499 1560 534 Videtur
1579 501 1734 535 aulem.
1776 500 1920 535 simili-

208 572 224 595 !-
246 564 429 601 tudinem
458 564 665 609 supponit.
700 573 822 609 quam
862 564 986 599 habet
1013 563 1063 599 ad
1101 563 1402 604 collectionem,
1439 564 1477 599 in
1517 573 1566 599 eo
1604 564 1772 601 scilicet.
1810 564 1918 609 quod

193 902 225 928 10

193 1229 224 1254 15

190 1883 225 1909 25

245 629 352 666 sicut
380 629 418 665 in
447 629 692 665 collectione
721 629 848 664 multa
875 628 1294 673 comprehenduntur,
1331 628 1386 664 ita
1419 629 1496 664 sub
1533 638 1688 674 genere
1725 629 1919 666 diversae

248 694 413 740 species
441 697 639 739 quantum
668 694 720 730 ad
750 693 1075 730 nominationem
1111 703 1247 729 rerum
1285 694 1560 733 continentur.
1598 694 1691 730 licet
1728 695 1920 731 diversus

245 759 297 795 sit
330 759 614 795 continentiae
643 759 801 796 modus.
833 758 1102 795 multitudinis
1128 758 1292 804 quidem
1335 758 1372 794 in
1408 759 1639 803 quantitate
1674 769 1776 795 suae
1805 770 1920 804 prae-

244 824 418 862 sentiae.
456 824 624 869 generis
662 834 763 860 vero
807 824 845 860 in
890 824 1267 868 comprehensione
1308 824 1613 860 nominationis,
1684 825 1923 869 Triplieiter

246 889 391 934 ἱρέων.
444 888 790 934 Quandoquidem
826 890 900 925 has
938 891 1022 926 tres
1059 889 1389 934 significationes
1418 890 1543 926 habet
1575 900 1720 936 genus.
1754 894 1795 926 et
1828 900 1919 927 cum

243 957 329 991 tres
366 955 531 993 habeat.
566 955 617 990 de
651 954 773 991 tertio
800 964 968 1001 genere.
1005 955 1046 991 id
1074 958 1137 991 est
1165 954 1216 990 de
1246 955 1368 991 tertia
1400 955 1706 1001 significatione
1743 957 1920 1002 generis,

243 1022 306 1056 est
333 1029 472 1056 sermo
500 1020 610 1065 apud
637 1020 920 1065 philosophos.
972 1020 1063 1056 lure
1091 1022 1241 1060 autem.
1277 1023 1319 1056 ut
1355 1020 1412 1056 ait
1439 1019 1681 1057 Boethius
1699 1025 1720 1059 ¹.
1756 1022 1919 1058 tertium

243 1095 376 1131 genus
398 1085 631 1131 philosophi
653 1085 706 1122 ad
728 1085 1050 1131 disputationem
1072 1089 1249 1123 sumunt.
1271 1086 1430 1131 <quod>
1445 1096 1527 1122 non
1551 1096 1604 1123 ex
1620 1086 1827 1123 accidenti
1854 1088 1921 1124 (le-

243 1153 368 1187 notat.
384 1150 443 1187 Ex
459 1160 540 1196 quo
557 1151 681 1187 etiarn
697 1151 750 1187 ad
767 1151 1135 1197 interrogationem
1154 1161 1227 1196 per
1242 1151 1360 1196 quid·
1375 1151 1538 1190 factam.
1555 1162 1662 1197 quae
1676 1152 1919 1198 frequenter

246 1225 270 1252 a
297 1215 555 1261 philosophis
583 1215 710 1252 fiebat
745 1215 1059 1260 inquirentibus.
1097 1216 1193 1260 quid
1229 1225 1422 1261 quaeque
1460 1226 1527 1252 res
1565 1219 1687 1254 esset.
1728 1217 1921 1253 conveni-

245 1283 364 1318 enter
390 1289 522 1327 genus
558 1281 635 1317 hoc
665 1281 952 1326 respondetur.
1005 1280 1123 1321 Quod
1153 1281 1291 1317 statim
1320 1281 1358 1317 in
1388 1281 1631 1318 definitione
1659 1282 1826 1328 generis
1854 1282 1921 1318 de-

244 1346 429 1383 clarabit.
481 1345 528 1382 Et
555 1347 842 1383 notandum.
871 1345 980 1391 quod
1008 1356 1099 1382 cum
1128 1347 1185 1382 ait
1212 1356 1344 1393 genus
1372 1349 1617 1384 monstrare.
1646 1347 1684 1383 id
1709 1350 1774 1384 est
1800 1348 1921 1394 signi·

244 1410 385 1452 ficare,
414 1411 703 1449 substantiam.
731 1410 842 1456 quod
869 1420 1027 1455 genera
1055 1420 1183 1447 voces
1212 1411 1293 1446 sint
1320 1411 1598 1457 intelligenda.
1635 1414 1828 1457 patenter
1854 1412 1922 1448 de-

244 1476 502 1512 monstravit.
565 1476 688 1520 Quod
726 1476 856 1512 etiam
899 1476 1186 1517 describentes,
1227 1476 1265 1513 id
1306 1479 1368 1512 est
1407 1486 1531 1521 quam
1573 1477 1920 1523 significationem

190 1553 206 1579 2
246 1541 414 1588 generis
440 1541 677 1587 philosophi
703 1542 992 1578 describentes
1020 1542 1155 1584 etiam,
1189 1542 1268 1578 hoc
1301 1544 1366 1578 est
1393 1551 1475 1578 non
1503 1544 1661 1579 tantum
1690 1543 1922 1580 dividentes

245 1607 312 1644 vel
327 1607 419 1643 aliis
434 1607 568 1644 modis
585 1609 774 1644 naturam
789 1607 878 1643 eius
895 1607 1245 1647 demonstrantes.
1268 1608 1342 1643 sed
1359 1607 1484 1644 etiam
1500 1617 1575 1653 per
1586 1608 1921 1654 descriptionem,

246 1681 353 1716 quae
381 1674 536 1716 quanto
565 1671 773 1708 difficilior
800 1674 865 1708 est
893 1672 945 1708 ad
968 1672 1313 1717 componendum.
1351 1673 1465 1708 tanto
1499 1672 1652 1708 certior
1679 1674 1743 1709 est
1769 1673 1821 1709 ad
1855 1674 1922 1710 de-

245 1737 572 1776 monstrandum.
600 1737 932 1781 assiynavermz!
960 1737 1108 1782 ipsum.
1137 1737 1175 1773 id
1204 1739 1269 1773 est
1298 1737 1700 1774 demonstraverunt.
1735 1738 1921 1774 dicentes

246 1802 404 1838 scilicet
429 1812 564 1846 ,oenus
597 1812 681 1838 esse
708 1803 824 1848 quor!
859 1802 908 1838 ‹Ie
942 1803 1144 1847 pluribus
1172 1805 1247 1838 etc.
1300 1802 1446 1839 Merito
1484 1803 1771 1840 describentes
1808 1804 1921 1845 dixit.

246 1870 288 1904 et
315 1877 397 1904 non
427 1867 691 1907 definientes,
720 1867 817 1913 quia
851 1877 902 1904 ea
930 1869 1087 1904 tantum
1118 1868 1284 1913 proprie
1318 1867 1504 1904 definitio
1533 1868 1690 1907 dicitur.
1718 1879 1826 1914 quae
1860 1880 1922 1905 se-

246 1933 424 1970 cundum
453 1933 729 1969 substantiam
758 1933 818 1969 rei
846 1934 957 1969 facta
983 1942 1117 1979 genus
1145 1933 1268 1969 sumit
1295 1943 1343 1969 ac
1381 1933 1651 1971 differentias,
1687 1934 1792 1971 haec
1820 1944 1920 1971 vero

247 1998 476 2035 secundum
516 1998 726 2044 quandam
767 1999 1068 2035 accidentalem
1115 1998 1289 2035 formam
1330 2008 1478 2035 vocum
1518 2009 1626 2044 quae
1669 2000 1922 2046 generalitas

247 2063 326 2100 dici
353 2066 502 2110 potest.
530 2064 748 2104 inducitur,
775 2066 818 2100 ut
846 2064 1004 2100 scilicet
1025 2064 1335 2106 determInetur.
1363 2065 1512 2110 quibus
1534 2065 1706 2101 vocibus
1737 2075 1788 2102 ea
1815 2066 1921 2103 insit.

246 2129 356 2166 unde
390 2129 508 2175 ipsae
544 2139 672 2166 voces
703 2138 863 2176 genera
891 2130 1164 2175 appellentur.
1218 2130 1315 2166 Inde
1355 2140 1532 2175 quoque,
1573 2133 1616 2166 ut
1653 2130 1922 2167 Boethius2

193 2210 228 2237 30
248 2195 406 2238 <dicit>.
441 2195 550 2232 bene
578 2195 877 2234 describentes.
912 2205 993 2232 non
1023 2196 1272 2232 definientes
1301 2196 1414 2237 dixit.
1451 2196 1546 2241 quia
1573 2196 1628 2232 nil
1655 2196 1694 2232 in
1724 2199 1920 2241 quantum

245 2269 378 2308 genus
407 2263 482 2301 est.
509 2260 674 2297 definiri
695 2261 1026 2297 substantialiter
1047 2263 1195 2306 potest.
1217 2261 1400 2306 alioquin
1425 2261 1637 2306 quodlibet
1657 2271 1789 2307 genus
1812 2262 1921 2298 aliud

246 2334 378 2370 genus
406 2334 538 2370 usque
566 2325 606 2361 in
633 2325 836 2362 infinitum
864 2325 1048 2362 haberet.

387 2390 502 2427 Nunc
524 2394 663 2427 autem
685 2391 815 2427 verba
837 2390 1090 2427 definitionis
1117 2400 1430 2436 prosequamur.
1470 2391 1610 2427 Tria³
1632 2392 1770 2437 itaque
1794 2392 1918 2437 ponit.

247 2465 321 2501 per
348 2464 456 2501 quae
484 2456 683 2502 generale
712 2456 959 2492 vocabulum
987 2457 1040 2492 ab
1068 2457 1260 2492 omnibus
1287 2457 1379 2493 aliis
1401 2457 1556 2496 dividit.
1585 2457 1741 2493 scilicet
1762 2457 1922 2502 praedi—

192 2536 228 2562 ις
248 2521 334 2558 cari
361 2521 412 2558 de
439 2521 635 2567 pluribus.
663 2522 773 2567 quod
810 2524 874 2557 est
902 2531 996 2558 esse
1024 2522 1274 2562 universale.
1311 2532 1386 2567 per
1421 2523 1531 2567 quod
1568 2532 1592 2558 a
1629 2522 1920 2568 singularibus.

246 2585 285 2621 id
314 2588 376 2621 est
404 2585 594 2625 diversiS.
632 2589 872 2631 separatur;
907 2589 948 2622 et
982 2586 1215 2631 praedicari
1249 2587 1299 2622 de
1328 2586 1616 2623 differentibus
1654 2587 1806 2632 specie.
1844 2587 1920 2622 hoc

248 2652 312 2687 est
338 2651 389 2687 de
418 2651 653 2687 nominibus
681 2661 750 2688 res
778 2654 935 2688 tantum
964 2652 1221 2688 diversarum
1256 2652 1490 2697 specierum
1525 2652 1769 2688 naturaliter
1795 2653 1921 2688 conti—

249 2715 450 2754 uentibus.
479 2725 554 2761 per
580 2717 689 2761 quod
717 2716 854 2753 differt
880 2727 905 2753 a
931 2717 1247 2762 specialissimis
1275 2718 1315 2752 et
1343 2726 1485 2753 eorum
1514 2717 1709 2762 propriis;
1737 2720 1777 2752 et
1805 2726 1921 2763 prae—

247 2781 375 2818 dicari
391 2781 480 2823 <in>
496 2791 547 2818 eo
563 2782 673 2827 quod
689 2782 785 2827 quid
802 2782 867 2820 sit.
888 2782 927 2818 id
943 2785 1008 2818 est
1030 2782 1144 2818 reddi
1167 2782 1468 2818 convenienter
1483 2782 1533 2818 ad
1552 2782 1919 2828 interrogationem

392 2910 408 2940 -l
439 2910 560 2940 autem
581 2908 624 2940 cs.
649 2916 728 2941 var.
745 2908 822 2941 leet.
841 2909 877 2941 ἱη
895 2908 1021 2941 Boeth.
1099 2910 1118 2939 li
1140 2909 1258 2941 diver·
1279 2909 1306 2940 Α
1397 2910 1437 2940 10
1459 2909 1569 2941 habet
1592 2917 1720 2949 genus.
1749 2909 1920 2949 genuslll

247 2969 283 3000 et
309 2976 388 3000 cum
418 2967 458 2999 lll
480 2967 509 2999 A
612 2968 651 2999 14
682 2965 762 3008 per]
789 2968 823 3000 in
851 2967 880 3000 A
980 2968 1024 3000 25
1051 2966 1195 3007 dicitur}
1223 2969 1298 3000 dili.
1320 2968 1347 3000 A

391 3038 400 3059 ¹
431 3038 590 3073 Boeth..
620 3038 641 3070 l.
670 3047 708 3074 r..
737 3047 770 3078 p.
802 3038 888 3070 180⁴

389 3097 403 3118 *-'
432 3097 595 3133 Boeth..
624 3097 645 3130 l.
674 3107 713 3133 e..
743 3106 776 3138 p.
808 3096 910 3129 1802¹
1034 3097 1048 3118 5⁸
1077 3098 1236 3130 lloeth..
1265 3098 1287 3130 I.
1316 3108 1355 3134 e..
1384 3107 1417 3139 p.
1449 3098 1562 3131 18115.

1948 801 2085 839 Boeth.

1950 851 2102 892 ,1.171113
