2200 3387
460 221 490 251 2.
519 219 583 250 llic
611 219 768 250 Glosseu
797 227 839 250 zu
868 218 936 249 den
967 218 1199 256 lx'ategorien.
1303 218 1353 249 lle
1382 219 1605 257 aequivocis.
1810 217 1876 250 1150

342 316 662 360 Aequivocae
699 315 890 350 dicuntur
927 325 992 350 res
1033 314 1125 350 illae
1163 324 1270 358 quae
1309 315 1461 350 liabent
1491 325 1638 350 nomen
1672 315 1776 350 idem
1807 326 1869 351 se·
1902 298 2053 380 B‘'¹‘;ff‚¹3¹·4,

199 380 374 416 eundum
406 380 619 415 materiam
649 388 868 415 commune
897 379 985 413 sibi.
1038 378 1152 414 Bene
1180 381 1316 413 autem
1347 378 1443 414 dicit
1473 379 1682 414 dicuntur
1713 382 1752 414 et
1788 389 1866 414 non
1898 356 1931 388 ν’
1984 360 2003 379 ’⁶

200 444 295 480 dicit
334 448 448 480 ,sunt
470 448 489 481 ¹.
531 444 626 489 quia
664 454 731 479 res
769 454 820 479 ex
858 453 904 479 se
942 443 1332 488 aequivocationem
1377 453 1456 478 non
1499 444 1661 479 liabent.
1705 444 1777 478 sed
1821 454 1873 479 ex

202 510 366 545 nomine
405 519 484 554 quo
522 509 862 553 aequivocantur.
900 508 1007 552 quod
1039 507 1204 552 proprie
1233 507 1539 552 aequivocatio.
1578 508 1614 543 id
1645 512 1707 543 est
1735 509 1874 553 aequi—

202 585 369 610 vocans.
407 575 564 610 dicitur.
612 584 678 609 res
721 583 819 610 vero
859 573 1023 618 proprie
1069 573 1340 617 aequivocae,
1379 573 1415 608 id
1455 575 1519 608 est
1559 573 1873 617 aequivocatae.

201 638 356 674 Nomen
398 642 534 674 autem
578 638 654 673 lioc
697 638 784 672 loco
826 637 969 682 accipe
1011 639 1117 673 teste
1160 637 1399 672 Boethio:
1439 637 1664 672 secundum
1709 647 1872 672 ‹nnnem

202 711 336 737 rerum
360 702 720 747 significationem.
744 711 824 746 qua
853 701 977 736 rebus
1007 701 1201 745 imposita
1230 701 1433 736 voeabula
1463 701 1765 745 praedicamus,
1798 702 1875 736 lioc

201 770 264 802 est
292 777 456 803 omnem
486 767 708 803 dictionem
738 766 982 802 naturaliter
1010 766 1310 802 declinabilem.
1363 767 1462 802 Cum
1492 769 1629 802 autem
1659 766 1731 802 ait:
1767 776 1875 810 ,quo-

203 842 290 868 rum
320 841 469 867 nomen
500 841 719 867 commune
747 833 831 868 est:
862 835 942 867 tam
973 831 1195 867 multivoca
1218 841 1337 876 quam
1363 832 1627 867 diversivoca
1650 832 1876 868 excludere

151 912 181 936 ιο
203 896 375 933 videtur.
404 905 575 940 quorum
607 895 741 940 potius
769 897 865 931 sunt
892 895 1060 931 diversa
1090 895 1295 931 nomina-³.
1349 895 1450 931 Sunt
1473 896 1579 931 enim
1605 896 1879 931 multivoca

202 970 309 1006 quae
330 961 405 996 sub
428 961 577 997 eadem
600 960 842 996 definitione
865 960 1042 997 diversis
1065 961 1339 1006 designantur
1361 961 1607 997 nominibus.
1638 963 1679 996 ut
1699 961 1874 1006 gladius,

202 1026 328 1062 ensis.
359 1035 510 1062 mucro.
533 1035 640 1071 quae
663 1026 826 1070 quidem
851 1026 1063 1070 pluraliter
1084 1026 1306 1062 multivoca
1329 1026 1513 1062 dicimus
1544 1036 1623 1062 non
1648 1026 1874 1062 secundum

204 1099 338 1126 rerum
378 1090 664 1135 pluralitatem.
703 1099 792 1126 cum
832 1090 884 1126 sit
921 1100 987 1126 res
1024 1090 1211 1126 subiecta
1247 1091 1410 1135 penitus
1445 1091 1603 1131 eadem,
1641 1091 1714 1126 sed
1745 1091 1877 1135 magis

204 1155 432 1191 secundum
457 1155 755 1191 vocabulorum
778 1155 1074 1191 diversitatem.
1129 1155 1494 1192 Diversivocae
1523 1158 1661 1192 autem
1691 1166 1758 1191 res
1783 1156 1876 1191 illae

166 1238 181 1259 .·,
203 1220 403 1257 dicuntur.
432 1230 538 1265 quae
567 1221 795 1256 secundum
825 1221 992 1256 diversa
1020 1221 1187 1257 nomina
1217 1221 1407 1257 diversas
1436 1221 1703 1257 definitiones
1732 1231 1879 1257 secun-

203 1286 297 1321 dum
336 1286 403 1322 illa
439 1286 605 1322 habent.
644 1288 685 1322 ut
721 1286 844 1322 homo
881 1288 921 1322 et
958 1287 1113 1323 asinus,
1152 1287 1261 1331 quod
1291 1287 1413 1322 etiam
1442 1286 1625 1322 fortasse
1654 1287 1788 1322 eidem
1818 1287 1876 1322 rei

205 1353 342 1396 potest
369 1351 574 1388 accidere.
613 1352 646 1386 si
674 1351 764 1396 ipsa
793 1351 971 1387 diversis
1001 1354 1173 1387 vocetur
1202 1352 1447 1388 nomInibus.
1483 1362 1589 1396 quae
1618 1352 1766 1387 eadem
1796 1361 1876 1388 non

205 1417 285 1452 sint
313 1417 352 1452 in
382 1416 600 1454 sententia.
630 1419 672 1452 ut
700 1417 822 1453 homo
852 1419 893 1453 et
918 1416 1164 1463 navigabilis
1187 1417 1334 1453 dieitur
1355 1420 1396 1453 et
1417 1417 1598 1454 risibilis.
1626 1427 1717 1453 cum
1743 1420 1878 1453 tamen

206 1481 309 1516 llaec
337 1480 418 1516 duo
447 1480 615 1516 nomina
636 1480 825 1516 eiusdem
848 1480 1085 1517 sententiae
1109 1490 1189 1516 non
1213 1481 1305 1518 sint.
1334 1481 1439 1516 sicut
1467 1484 1561 1516 sunt
1593 1481 1676 1516 illa:
1705 1481 1879 1525 gladius.

151 1564 184 1588 2..
206 1545 331 1582 ensis.
355 1555 507 1583 mucro,
530 1555 637 1590 quae
661 1545 770 1582 idem
790 1546 930 1582 dicunt
952 1546 1125 1590 penitus
1167 1546 1285 1586 Quod
1309 1548 1446 1582 autem
1470 1546 1682 1591 supponit:
1713 1546 1882 1583 ,solumz

207 1611 384 1647 univoca
412 1612 594 1656 separat,
622 1620 728 1655 quae
757 1621 849 1647 eum
871 1621 1023 1647 nornen
1047 1621 1266 1647 commune
1289 1612 1479 1647 habeant.
1509 1611 1615 1647 sieut
1637 1611 1881 1656 aequivoca.

208 1685 288 1711 non
326 1675 457 1711 solum
495 1685 646 1711 nomen
685 1675 1001 1713 communicant.
1040 1685 1181 1711 verum
1222 1675 1346 1711 etiam
1381 1676 1558 1711 eandem
1594 1675 1878 1711 definitionem

206 1739 466 1775 substantiae
495 1739 660 1775 liabent.
714 1739 832 1780 Quod
861 1739 1138 1785 subiungitur:
1168 1737 1284 1776 ‚ratio
1313 1740 1573 1775 substantiae
1602 1742 1666 1775 est
1688 1740 1880 1776 diversa.

209 1804 468 1840 determinat.
491 1805 541 1840 ad
563 1805 848 1841 exclusionem
872 1805 988 1841 cuius
1011 1805 1166 1842 solum·
1190 1805 1241 1840 sit
1262 1805 1510 1849 appositum.
1539 1805 1659 1850 quod.
1689 1805 1883 1840 videlicet

153 1885 186 1908 ·.’,·.
210 1870 377 1906 solum:
401 1871 541 1906 modo
563 1870 615 1906 ad
639 1871 923 1906 exclusionem
943 1870 1123 1905 omnium
1142 1870 1318 1915 ponitur.
1335 1870 1461 1906 veluti
1477 1880 1568 1906 cum
1587 1870 1735 1906 dicitur
1757 1870 1881 1907 ,solus

210 1935 320 1971 Deus
343 1939 405 1971 est
427 1935 716 1980 omnipotens.
745 1936 801 1971 ita
822 1935 983 1971 seilicet
1010 1921 1119 1980 quod
1150 1936 1258 1971 nulla
1287 1935 1367 1971 alia
1395 1945 1474 1972 res.
1504 1936 1644 1971 modo
1673 1935 1725 1971 ad
1747 1936 1884 1971 exclu-

207 2001 366 2036 sionem
395 2001 581 2036 alicuius,
616 2001 742 2036 veluti
770 2010 862 2036 cum
891 2000 1039 2036 dicitur
1067 2000 1209 2041 ,solam
1238 2000 1418 2036 tunicam
1445 2001 1604 2036 habeo:
1642 2001 1680 2036 id
1711 2003 1773 2036 est
1802 2010 1884 2036 non

208 2066 330 2102 etiam
356 2066 558 2110 pectulam
577 2070 596 2101 ⁴.
638 2065 756 2106 Quod
773 2068 909 2102 autem
927 2066 1000 2101 ait:
1030 2065 1159 2103 RatIo
1182 2066 1444 2101 substantiae
1463 2069 1527 2102 est
1542 2066 1734 2102 diversa.
1759 2076 1884 2111 nega-

209 2131 290 2167 tive
313 2131 468 2176 accipe.
491 2131 568 2167 hoc
591 2133 654 2167 est
676 2141 757 2167 non
775 2133 839 2167 est
855 2131 1015 2167 eadem.
1037 2131 1219 2176 alioquin
1236 2141 1318 2167 non
1336 2131 1582 2167 conveniret
1598 2131 1790 2167 omnibus
1809 2132 1884 2167 sub

154 2214 189 2235 :w
209 2206 470 2242 quocumque
499 2196 667 2232 nomine
690 2196 945 2241 aequivocis,
974 2199 1017 2232 ut
1044 2196 1321 2241 ,amplectenti
1345 2199 1386 2232 et
1407 2196 1613 2241 amplexo·
1639 2196 1883 2241 aequivocis

209 2262 285 2296 sub
315 2261 577 2306 amplector.
605 2261 701 2305 quia
730 2260 978 2305 amplector·
1008 2260 1199 2296 diversas
1225 2260 1492 2296 definitiones
1514 2261 1776 2296 substantiae
1802 2270 1883 2296 non

211 2327 346 2362 habet.
374 2335 464 2361 cum
495 2326 643 2362 nullam
674 2326 840 2370 penitus
868 2325 1153 2361 definitionem
1182 2325 1319 2361 datam
1349 2326 1577 2362 secundum
1607 2325 1884 2361 substantiam

211 2391 375 2427 habeat.
416 2390 491 2425 hoc
532 2392 595 2425 est
634 2390 773 2425 datam
813 2390 1041 2425 secundum
1083 2390 1207 2425 talem
1247 2392 1411 2427 statum.
1452 2390 1520 2434 qui
1561 2390 1654 2426 dum
1688 2390 1803 2434 perit.
1846 2389 1884 2424 in

212 2454 444 2490 substantia
472 2454 655 2499 perimat.
709 2454 904 2490 Similiter
941 2454 1051 2490 nulla
1088 2456 1252 2499 sumpta
1289 2454 1458 2490 nomina
1494 2454 1781 2491 accidentalia.
1810 2454 1885 2489 sub

160 2539 192 2561 255,
214 2520 361 2564 quibus
416 2529 482 2555 res
532 2519 742 2555 subiectas
788 2519 1042 2565 aequivocas
1095 2520 1171 2555 lioc
1222 2520 1313 2555 loco
1363 2519 1547 2556 dicimus.
1595 2520 1744 2555 nullam
1793 2520 1885 2555 sub-

214 2584 393 2621 stantiae
416 2585 632 2626 rationem,
654 2585 731 2620 hoc
753 2587 817 2620 est
838 2585 1133 2621 definitionem.
1157 2586 1321 2621 liabent.
1349 2585 1448 2620 Tale
1472 2588 1535 2621 est
1558 2592 1676 2629 ergo:
1700 2584 1886 2620 definitio

214 2650 472 2686 substantiae
510 2652 575 2685 est
607 2650 786 2686 diversa.
825 2650 902 2686 hoc
937 2652 999 2686 est
1027 2660 1109 2686 non
1137 2652 1201 2685 est
1229 2651 1389 2686 eadem.
1419 2652 1460 2685 ut
1487 2650 1730 2695 simpliciter
1757 2659 1887 2693 neges

215 2716 309 2752 illud
339 2715 447 2760 quod
477 2715 665 2751 univoca,
694 2725 865 2760 quorum
895 2715 1125 2751 definitioni
1153 2715 1406 2760 relinquitur.
1460 2715 1577 2755 Quod
1601 2717 1738 2751 autem
1762 2724 1888 2759 appo-

217 2782 339 2817 nitur:
369 2781 608 2817 ‚seeundum
638 2780 731 2815 illud
763 2790 913 2816 nomen
943 2781 1106 2817 datanr.
1136 2790 1215 2816 non
1246 2783 1377 2816 vacat.
1432 2781 1470 2815 Si
1497 2780 1605 2816 enim
1631 2780 1886 2816 identitatem

360 2885 378 2914 Γ»
394 2881 676 2923 aequivocatum-l
693 2883 949 2922 aequiv‹›cat,›l
997 2884 1040 2913 215»
1057 2883 1222 2914 subiecto
1242 2883 1446 2921 aequivoce
1457 2882 1481 2913 A
1532 2883 1637 2912 :ts-:39
1655 2882 1886 2921 opponitur.-l

361 2950 367 2971 ¹
399 2950 544 2981 Boeth.
575 2949 596 2980 I.
625 2959 663 2984 r..
693 2958 724 2988 p.
758 2949 819 2980 llil
840 2949 874 2980 Η.
974 2949 988 2968 “-’
1016 2948 1163 2980 Boetlt.
1194 2948 1215 2979 I.
1247 2958 1286 2982 (·..
1318 2957 1349 2987 p.
1382 2948 1443 2979 llil
1464 2948 1527 2979 BC.

358 3011 373 3029 ³⁸
400 3009 547 3041 Boetli.
577 3008 598 3040 Ι.
627 3018 665 3043 ι’..
696 3017 727 3047 ρ.
760 3009 823 3039 itit-l
839 3008 909 3040 ('l).

363 3070 370 3089 ⁴
401 3068 547 3100 Boetli.
577 3068 598 3099 Ι,
627 3078 665 3102 c..
696 3077 727 3107 p.
759 3068 819 3098 llil
839 3068 881 3097 (¹1
977 3070 1012 3098 ut
1039 3067 1068 3098 si
1098 3067 1178 3106 quis
1207 3067 1302 3097 dicut
1330 3067 1444 3097 solam
1474 3075 1530 3097 me
1560 3066 1694 3097 habere
1720 3066 1888 3099 tunicam.

219 3130 251 3161 id
279 3132 335 3161 est
364 3137 432 3160 non
461 3128 567 3159 etiam
597 3129 719 3166 togam
751 3151 757 3157 .
787 3152 792 3157 .
823 3152 828 3156 .
