2200 3387
184 921 214 946 10

184 1252 214 1278 15

182 2231 217 2254 30

183 2556 217 2581 35

184 2882 218 2906 «10

496 235 526 266 2.
557 233 621 266 Die
649 234 805 265 (ilossen
834 243 877 265 zu
906 234 975 265 (len
1005 233 1241 273 Kategorien.
1303 251 1309 253 -
1344 236 1394 265 lle
1423 234 1638 272 quantitate.
1845 233 1911 265 isli

234 339 403 375 semper
429 330 516 366 erit.
568 330 748 376 Tempus
777 330 885 366 enim
915 339 1005 365 cum
1036 329 1188 365 mundo
1216 329 1370 374 incepit
1407 332 1446 366 et
1485 330 1782 371 terminabitur,
1819 340 1909 366 cum

235 395 374 431 omnia
401 395 440 431 in
469 395 760 431 aeternitatem
790 395 1104 431 transferentur.
1158 395 1223 430 Sic
1251 398 1390 430 autem
1431 395 1464 430 si
1502 396 1582 431 duo
1620 396 1737 431 simul
1776 405 1911 432 curre-

235 461 328 494 rent
355 461 395 494 et
433 469 538 495 unus
565 459 795 504 longiorem
824 468 989 494 cursum
1020 459 1194 494 liaberet
1222 468 1344 502 quam
1373 459 1537 499 <altersv
1575 469 1720 494 cursus
1749 460 1812 495 liic
1839 460 1912 506 [vi-

236 523 368 568 detur]
397 524 516 569 quasi
545 534 642 569 pars
671 524 709 559 in
738 523 913 568 longiori
942 533 1063 559 cursu
1093 523 1242 559 includi
1272 523 1579 568 quodammodo
1608 524 1815 560 diceretur
1835 535 1911 561 nec

236 590 373 624 tamen
405 589 570 634 proprie
599 598 695 633 pars
725 590 848 639 esset.
876 598 966 624 cum
996 588 1163 624 omnino
1192 588 1231 623 in
1261 589 1447 624 essentia
1475 598 1555 624 non
1586 592 1700 624 esset
1727 590 1910 625 alterius.

378 653 437 689 De
474 654 578 689 loco
615 655 753 690 autem
793 663 901 690 nunc
937 654 1206 689 disseramus,
1266 653 1337 689 Est
1373 656 1510 689 autem
1549 654 1663 690 locus
1701 655 1911 699 quantitas

235 718 582 755 circumscribens
605 719 770 764 proprie
793 719 1109 763 quantitativum
1132 729 1283 764 corpus
1300 719 1364 755 vel
1387 721 1545 764 partem
1568 720 1747 764 aliquam
1771 720 1911 765 ipsius.

235 783 347 820 Sicut
362 784 470 819 enim
487 785 613 820 totum
631 794 782 829 corpus
799 794 916 820 suum
935 785 1060 820 habet
1076 784 1209 820 locum
1231 794 1327 820 sese
1344 784 1636 820 terminantem
1654 787 1694 820 et
1716 785 1913 829 quodam-

234 849 357 884 modo
386 849 651 888 ambientem.
680 849 736 885 ita
764 849 886 885 etiam
916 850 1162 894 superficies
1190 850 1254 885 vel
1289 850 1400 885 linea
1427 850 1492 885 vel
1527 852 1722 895 punctum
1751 852 1792 886 et
1819 860 1910 886 cum

235 923 385 958 corpus
412 914 731 958 quantitativum
762 914 827 950 vel
856 914 1066 959 quaelibet
1099 924 1196 959 pars
1225 915 1315 950 eius
1348 915 1623 951 substantiale
1652 925 1802 960 corpus
1826 917 1913 951 tan-

235 980 318 1014 tum
346 979 569 1015 terminent
596 980 637 1015 et
665 981 918 1021 mensurent,
947 979 1039 1024 ipsa
1060 979 1206 1016 iterum
1229 989 1337 1024 quae
1359 982 1602 1016 mensurant
1623 981 1913 1016 substantialia

235 1052 422 1088 corpora,
449 1043 551 1079 locis
578 1043 853 1079 terminantur
879 1046 920 1079 et
947 1045 1242 1080 mensurantur
1269 1046 1310 1080 et
1345 1044 1385 1080 in
1412 1044 1512 1089 ipsis
1548 1046 1704 1080 tantum
1744 1044 1911 1089 proprie

235 1109 276 1144 et
302 1108 395 1144 loca
422 1110 518 1144 sunt
545 1118 622 1144 uec
649 1108 728 1144 nisi
762 1118 837 1154 per
863 1118 914 1144 ea
946 1109 1189 1145 substantiis
1224 1107 1599 1145 subiectis'insunt.
1652 1108 1765 1145 Sicut
1803 1109 1911 1145 enim

235 1182 386 1218 corpus
414 1173 731 1218 quantitativum
761 1175 802 1210 et
829 1173 1074 1219 superficies
1103 1175 1168 1210 vel
1201 1174 1312 1210 linea
1345 1174 1578 1219 composita
1615 1176 1721 1213 sunt,
1760 1177 1913 1219 puncta

235 1248 336 1274 vero
365 1248 459 1277 non,
489 1238 545 1274 ita
573 1240 614 1275 et
641 1239 732 1275 loca
759 1248 902 1275 eorum
931 1239 1137 1284 quaedam
1166 1239 1400 1284 composita
1428 1241 1534 1279 sunt,
1572 1239 1777 1284 quaedam
1820 1240 1913 1275 sim-

235 1303 368 1349 plicia.
421 1303 551 1340 Locus
580 1304 690 1340 enim
718 1305 857 1349 puncti
895 1304 1074 1349 simplex
1112 1306 1176 1341 est
1213 1305 1380 1340 omnino
1409 1305 1515 1341 sicut
1552 1307 1759 1350 punctum,
1796 1305 1912 1341 locus

234 1368 371 1403 lineae
400 1367 465 1403 vel
492 1368 665 1404 aliorum
694 1368 949 1413 compositus
972 1377 1026 1404 ex
1048 1368 1303 1413 simplicibus
1326 1369 1438 1409 locis,
1467 1368 1535 1413 qui
1557 1368 1729 1414 singulis
1749 1369 1912 1413 punctis

236 1433 429 1469 adiacent
455 1443 504 1469 ac
532 1433 637 1469 sicut
665 1435 818 1478 puncta
845 1443 1087 1470 communes
1115 1435 1210 1470 sunt
1230 1433 1394 1470 termini
1422 1433 1530 1470 inter
1551 1435 1692 1479 partes
1714 1434 1912 1479 corporis,

235 1498 292 1534 ita
319 1500 360 1534 et
386 1498 479 1534 loca
499 1500 745 1543 punctorum
767 1498 875 1534 inter
895 1499 975 1535 alia
998 1499 1100 1535 loca.
1152 1498 1255 1534 Nam
1276 1499 1374 1534 illud
1397 1488 1505 1543 quod
1528 1499 1584 1535 ait
1603 1499 1912 1536 Aristoteles

180 1576 195 1601 -ε
235 1565 377 1608 partes
405 1564 484 1600 loci
518 1564 701 1609 copulari
735 1564 787 1600 ad
826 1564 1003 1600 eundem
1040 1564 1261 1600 terminum
1297 1564 1350 1600 ad
1377 1573 1500 1609 quem
1536 1566 1676 1609 partes
1713 1565 1912 1610 corporis,

235 1629 436 1669 ,eundem‘
461 1629 563 1665 dixit
584 1639 658 1674 pro
681 1629 973 1666 consimilem.
1024 1629 1157 1666 Locus
1180 1639 1358 1674 namque
1381 1629 1522 1674 puncti
1543 1631 1608 1665 vel
1630 1630 1767 1666 lineae
1791 1629 1912 1666 valde

236 1693 274 1730 ei
310 1694 453 1730 similis
490 1696 554 1730 est
587 1696 670 1730 tam
698 1694 738 1730 in
766 1695 1084 1740 participatione
1113 1695 1300 1731 eiusdem
1329 1695 1504 1731 subiecti
1534 1705 1656 1740 quam
1686 1695 1726 1730 in
1755 1695 1913 1739 quanti-

235 1761 320 1795 tate
348 1769 450 1795 suae
479 1759 702 1796 essentiae.
755 1758 961 1800 Quantum
991 1760 1100 1796 enim
1129 1761 1194 1796 est
1219 1762 1426 1805 punctum.
1464 1762 1622 1796 tantum
1658 1760 1774 1796 locus
1803 1769 1911 1796 unus

236 1833 411 1861 necesse
440 1826 503 1861 est
530 1834 636 1865 esse.
664 1825 761 1870 quia
788 1826 947 1861 tantum
974 1825 1149 1861 subiecti
1177 1825 1336 1861 obtinet
1363 1827 1562 1870 quantum
1585 1827 1792 1870 punctum.

379 1889 461 1926 Sed
483 1890 769 1935 opponitur,
797 1890 907 1935 quod
929 1890 1007 1926 nisi
1028 1890 1161 1926 maior
1182 1891 1234 1926 sit
1253 1891 1370 1927 locus
1392 1900 1442 1927 eo
1464 1890 1580 1926 cuius
1603 1892 1675 1928 est.
1704 1890 1912 1935 quomodo

234 1955 367 2001 ipsum
395 1955 611 1992 continere
639 1956 705 1991 vel
733 1956 889 1992 ambire
918 1957 1067 2001 potest.
1120 1955 1239 1996 Quod
1267 1956 1302 1992 si
1329 1956 1462 1992 maior
1497 1958 1571 1993 est.
1610 1956 1690 1992 iam
1728 1966 1812 1992 non
1849 1958 1913 1992 est

235 2021 412 2066 simplex
440 2021 607 2057 omnino
635 2023 676 2057 et
704 2021 837 2057 maius
866 2023 1042 2066 occupat
1069 2021 1311 2061 subiectum,
1340 2023 1383 2057 ut
1410 2021 1492 2057 iam
1520 2021 1628 2058 inter
1654 2023 1848 2066 punctum
1872 2023 1914 2057 et

234 2088 430 2132 punctum
452 2086 647 2122 distantia
667 2086 730 2122 sit.
772 2086 854 2122 Sed
875 2086 1063 2132 profecto
1086 2087 1141 2122 nil
1162 2088 1226 2122 est
1247 2087 1357 2123 aliud
1379 2087 1514 2123 locum
1536 2087 1695 2123 ambire
1716 2088 1912 2131 punctum

237 2161 361 2198 quam
388 2152 522 2197 ipsum
551 2152 905 2191 circumscribere.
933 2152 973 2188 id
1002 2153 1067 2188 est
1094 2152 1319 2188 terminare
1356 2152 1414 2188 ita
1448 2152 1595 2197 ipsum.
1632 2154 1675 2188 ut
1711 2152 1764 2188 sit
1797 2152 1912 2188 locus

237 2217 379 2262 ipsius,
407 2217 459 2253 ad
488 2217 598 2262 quod
625 2227 709 2253 non
736 2226 914 2253 necesse
943 2219 1018 2257 est,
1055 2219 1097 2253 ut
1130 2217 1263 2253 maior
1289 2217 1352 2253 sit.
1405 2217 1446 2254 Si
1483 2217 1592 2253 enim
1629 2217 1762 2253 maior
1799 2218 1914 2253 esset

238 2283 280 2318 et
307 2282 545 2323 excederet,
574 2292 657 2318 non
684 2283 792 2318 bene
821 2282 1064 2319 terminaret
1091 2282 1130 2318 id
1167 2283 1218 2318 ad
1247 2282 1542 2327 aequalitatem
1580 2282 1695 2318 cuius
1732 2291 1815 2318 non
1853 2291 1913 2317 re-

238 2346 460 2392 digeretur.

380 2412 482 2448 Sunt
515 2416 653 2448 autem
681 2413 750 2458 qui
787 2422 953 2449 omnem
987 2414 1221 2449 creaturam
1258 2413 1614 2458 circumscriptam
1651 2422 1748 2449 esse
1785 2413 1914 2448 velint

238 2487 287 2513 ac
309 2487 384 2523 per
404 2478 482 2514 hoc
502 2478 592 2514 loco
615 2478 924 2523 comprehendi,
946 2479 1077 2514 solum
1093 2488 1195 2514 vero
1218 2480 1451 2515 creatorem
1474 2478 1875 2523 incircumscriptum
1890 2481 1912 2513 ¹.

239 2542 321 2579 Sed
354 2542 394 2578 hi
428 2543 659 2587 procedunt
691 2543 874 2585 <locum>
909 2544 1033 2580 alium
1073 2544 1207 2580 locum
1247 2554 1381 2590 usque
1421 2544 1461 2580 in
1502 2544 1703 2580 infinitum
1744 2544 1911 2580 habere.

238 2607 332 2642 Nos
359 2616 460 2642 vero
489 2606 579 2642 loco
608 2607 905 2652 comprehendi
934 2607 987 2643 nil
1015 2608 1284 2644 concedimus
1314 2608 1392 2644 nisi
1419 2617 1572 2653 corpus
1594 2607 1912 2653 quantitativum

239 2672 304 2708 vel
333 2671 423 2707 eius
451 2673 592 2716 partes
620 2681 669 2707 ac
703 2672 888 2708 secundo
923 2673 1215 2709 substantialia
1251 2683 1439 2719 corpora.
1491 2673 1633 2718 Neque
1671 2673 1781 2709 enim
1820 2673 1912 2708 loca

239 2736 490 2782 specialibus
513 2736 720 2773 donantur
740 2737 995 2773 substantiis.
1048 2737 1166 2774 Unde
1197 2738 1238 2774 in
1256 2738 1485 2783 Topicis²
1512 2738 1751 2774 Boethius
1779 2737 1913 2783 arguit

238 2811 317 2837 nec
345 2802 499 2836 motum
529 2801 652 2836 ullum
679 2801 845 2837 animae
874 2810 970 2837 esse
998 2802 1227 2837 secundum
1264 2802 1411 2838 locum.
1463 2802 1540 2842 Qui
1577 2811 1677 2837 vero
1715 2810 1817 2837 sane
1855 2800 1913 2836 in-

240 2866 438 2911 telligunt.
466 2866 576 2911 quod
615 2865 672 2902 ait
704 2875 869 2902 omnem
907 2868 1097 2902 naturam
1134 2866 1500 2912 circumscriptam.
1536 2867 1668 2903 solum
1696 2866 1827 2902 Deum
1855 2866 1912 2901 in-

382 2983 488 3015 31-:32
517 2982 731 3022 redigentur
756 2981 783 3013 A
886 2982 929 3013 :35
958 2982 1075 3014 locum
1098 2982 1234 3015 addidi
1259 2992 1328 3015 see.
1356 2983 1483 3015 athael.
1514 2983 1610 3015 Dial.
1640 2983 1660 3015 I.
1689 2991 1737 3015 ι·..·
1775 2982 1911 3022 ‚utique

241 3043 276 3074 et
303 3042 404 3074 locus
433 3042 540 3073 alium
571 3041 686 3073 locum
710 3066 716 3072 .
740 3066 745 3072 .
769 3066 774 3072 .
798 3049 915 3081 usque
945 3042 976 3073 in
1008 3042 1183 3074 infinitum
1212 3043 1375 3074 liaberet*

383 3113 392 3134 ¹
421 3113 572 3145 Abael.
602 3111 622 3143 l.
651 3121 690 3146 e..
721 3120 753 3151 p.
779 3112 854 3142 1⁸4.
953 3112 967 3133 2¹
995 3112 1155 3148 Boeth..
1184 3113 1236 3144 De
1263 3112 1382 3145 differ.
1405 3115 1478 3154 top.
1502 3113 1522 3144 l.
1546 3113 1586 3145 lll
1611 3113 1664 3145 ΡΙ,
1686 3113 1740 3148 64,
1767 3113 1853 3144 1197
1870 3112 1910 3144 Α.
