2200 3387
350 230 395 265 (3ss
750 230 857 264 Pctcr
883 231 1085 264 Abaclards
1113 232 1248 271 Logica
1276 226 1597 271 ,lugi-edientibus‘.

491 329 537 364 Et
564 331 696 365 nota.
725 328 833 373 quod
861 328 954 363 licet
982 328 1031 363 de
1059 327 1319 363 substantiali
1347 326 1583 362 differentia
1602 326 1667 361 hic
1694 326 1850 361 tantum
1878 325 2008 362 inten-

350 395 478 431 datur.
518 396 654 429 tamen
683 403 765 428 non
793 393 843 428 de
872 402 922 428 ea
950 394 1107 428 tantum
1135 392 1279 438 agitur.
1314 391 1388 427 sed
1422 391 1545 427 etiam
1580 390 1860 426 accidentales
1900 390 2014 426 diffe-

353 459 510 494 rentiae
539 459 588 494 ad
618 458 707 493 eius
729 457 1020 493 discretionem
1045 458 1284 492 tractantur.
1336 455 1602 491 Differentias
1624 464 1802 499 namque
1824 455 1902 490 hoc
1922 455 2013 490 loco

352 524 475 557 vocat
503 522 656 557 forinas
685 530 840 558 omnes,
877 521 1024 565 quibus
1053 530 1120 556 res
1149 520 1285 564 aliqua
1318 520 1370 555 ab
1399 519 1481 555 alia
1514 528 1594 554 uno
1628 520 1814 563 tempore
1849 517 2016 553 diversa

353 590 414 623 est
442 587 506 622 vel
534 596 557 622 a
586 596 632 622 se
660 586 751 631 ipsa
777 587 935 621 mutata
961 585 1187 620 secundum
1215 584 1412 628 temporis
1440 583 1759 619 successionem.
2035 591 2052 616 5

493 651 546 687 Et
574 651 852 687 sciendum.
881 650 988 694 quod
1018 650 1111 685 illae
1140 651 1224 685 tres
1253 648 1513 684 differentiae
1542 647 1758 693 superius1
1788 647 2016 688 distinctae,

354 726 509 762 genere
540 716 697 752 scilicet
726 718 766 751 et
794 715 945 760 specie.
974 724 1157 755 numero,
1186 714 1411 749 secundum
1439 713 1666 753 materiam,
1693 713 1772 748 hoc
1799 713 1863 748 est
1888 712 2017 757 ipsius

352 782 410 817 rei
439 781 676 818 essentiam.
716 780 1036 824 accipiebantur.
1065 779 1143 815 liae
1171 788 1272 814 vero
1301 781 1384 814 tres
1413 787 1516 822 quas
1546 778 1610 813 hic
1636 777 1762 822 ponit,
1789 776 2016 812 communis

351 847 509 883 scilicet
536 846 783 883 differentia.
812 845 988 890 propria.
1017 844 1149 889 magis
1178 843 1355 888 propria,
1384 843 1423 878 in
1452 842 1606 878 formas
1631 841 1896 887 accipiuntur.
1946 841 2017 877 Est

351 921 528 956 namque
557 921 612 946 co
627 921 664 946 m
677 921 713 946 m
726 920 747 945 u
761 911 805 945 ni
820 920 838 945 5
861 909 1095 945 differentia
1116 909 1311 944 accidens
1339 907 1584 952 separabile.
1612 916 1687 952 per
1707 907 1816 951 quod
1837 915 1904 942 res
1925 906 2017 942 sub·
2038 916 2070 940 10

350 977 457 1012 iecta
486 976 575 1012 sive
604 977 654 1011 ab
693 975 773 1011 alia
808 984 852 1010 re
882 975 1049 1010 diversa
1077 976 1139 1009 est
1166 973 1255 1009 sive
1282 973 1322 1008 in
1363 982 1408 1008 se
1447 972 1539 1017 ipsa
1576 972 1762 1007 alterata.
1813 971 2016 1016 Propria

350 1051 450 1077 vero
479 1040 713 1077 differentia
741 1042 804 1075 est
831 1039 1026 1075 accidens
1049 1038 1384 1083 <inse-parabile>v
1412 1037 1570 1082 magis
1598 1036 1801 1081 propria
1827 1036 2016 1072 substan-

350 1106 458 1142 tialis
487 1105 733 1143 differentia.
763 1104 801 1140 id
829 1106 893 1139 est
921 1104 1118 1148 specifica
1139 1107 1271 1147 <quae
1300 1103 1507 1147 speciem>
1535 1102 1705 1143 confert,
1733 1102 1776 1137 ut
1802 1101 1906 1137 haec
1933 1100 2016 1136 ani-

350 1171 473 1206 matio
503 1169 666 1215 corpori
693 1169 887 1205 adiuncta
920 1168 1053 1213 ipsum
1088 1178 1238 1213 corpus
1274 1168 1498 1203 animatum
1534 1166 1633 1202 facit
1659 1166 1723 1202 vel
1757 1166 1862 1202 haec
1894 1165 2016 1201 ratio-

350 1235 499 1271 nalitas
527 1234 679 1270 animal
706 1234 920 1269 rationale.
2034 1245 2066 1269 15

495 1299 766 1340 Quaeritur
792 1301 941 1335 autem.
971 1306 1076 1342 quae
1105 1297 1157 1333 sit
1177 1296 1411 1333 huiusmodi
1439 1295 1585 1332 divisio
1609 1294 1879 1337 differentiae,
1907 1295 2015 1340 quod

351 1365 509 1401 scilicet
530 1365 610 1401 alia
631 1364 859 1400 communis
872 1365 947 1399 etc.
980 1362 1028 1398 Et
1049 1362 1212 1398 videtur
1233 1361 1462 1406 aequivoce
1484 1360 1562 1396 dici
1583 1369 1735 1396 nomen
1756 1359 2015 1396 differentiae

350 1431 400 1466 de
430 1430 689 1466 substantiali
718 1428 954 1465 differentia
988 1429 1028 1463 et
1062 1428 1112 1463 de
1146 1426 1393 1463 accidentali
1426 1427 1466 1462 et
1500 1425 1666 1470 proprie
1700 1424 2015 1461 substantialem

351 1495 624 1531 differentiam
665 1494 914 1539 significare.
947 1493 989 1528 in
1029 1502 1109 1537 qua
1148 1492 1312 1537 quidem
1353 1491 1659 1537 significatione
1697 1490 1938 1535 frequenter
1975 1490 2016 1526 et

349 1560 622 1596 determinate
667 1559 874 1595 sumimus.
950 1558 1008 1593 Ac
1048 1557 1274 1593 secundum
1314 1556 1419 1592 haec
1458 1555 1607 1591 divisio
1659 1554 2014 1599 aequivocationis
2034 1560 2069 1586 20

350 1625 545 1668 quantum
574 1623 626 1659 ad
654 1622 969 1658 substantialem
998 1620 1272 1657 differentiam
1302 1621 1342 1655 et
1369 1619 1471 1654 alias
1506 1616 1620 1654 duas'.
1671 1618 1824 1654 Poterit
1851 1627 2014 1662 quoque

351 1688 498 1723 divisio
528 1697 623 1724 esse
651 1687 768 1722 vocis
795 1687 835 1722 in
858 1686 1016 1725 modos,
1043 1695 1092 1721 ac
1113 1685 1146 1720 si
1166 1685 1223 1720 ita
1244 1684 1444 1720 dicamus:
1473 1683 1717 1725 differentia,
1740 1683 1779 1718 id
1800 1684 1865 1719 est
1883 1682 2016 1718 forma

355 1762 460 1797 quae
489 1752 656 1788 differre
689 1752 798 1789 facit.
835 1752 901 1787 vel
939 1750 1211 1787 communiter
1246 1748 1414 1785 differre
1449 1748 1558 1788 facit,
1596 1748 1674 1784 hoc
1713 1749 1777 1784 est
1814 1748 1871 1784 ita
1906 1747 2015 1792 quod

352 1817 643 1862 separabiliter
668 1817 828 1857 accidit,
857 1816 923 1852 vel
949 1816 1127 1861 proprie,
1154 1815 1194 1851 id
1222 1816 1283 1850 est
1309 1813 1656 1858 inseparabiliter,
1676 1813 1742 1848 vel
1768 1812 1898 1858 magis
1924 1822 2015 1857 pro-

347 1883 446 1927 prie.
468 1883 545 1918 1100
567 1883 629 1918 est
650 1881 986 1917 substantialiter.
1038 1880 1085 1915 Et
1106 1882 1202 1915 tunc
1223 1879 1388 1924 quidem
1409 1887 1561 1914 nomen
1582 1877 1816 1914 differentia
1836 1877 2012 1913 univoce
2033 1885 2067 1910 25

348 1948 530 1989 sumitur,
559 1957 611 1983 cx
635 1956 685 1983 eo
713 1947 870 1983 scilicet
897 1946 1068 1991 singulis
1091 1945 1232 1980 formis
1254 1943 1570 1985 (conveniens),
1598 1943 1707 1988 quod
1735 1943 1923 1978 subiecta
1943 1941 2014 1978 dif-

347 2012 455 2048 ferre
482 2012 646 2048 faciant.
697 2011 744 2047 Et
766 2012 843 2047 1100
867 2011 999 2056 magis
1020 2010 1184 2046 videtur
1203 2010 1310 2045 velle
1331 2008 1482 2054 positio
1505 2008 1807 2049 adverbiorum,
1830 2016 1936 2051 quae
1957 2006 2013 2042 vi-

348 2078 496 2113 delicet
523 2077 723 2113 adverbia
749 2076 915 2121 proprie
944 2075 1088 2111 modos
1117 2074 1384 2119 appellamus.

490 2140 555 2176 Sic
583 2140 794 2176 continua:
831 2149 962 2184 genus
1001 2140 1041 2174 et
1072 2138 1235 2183 species
1267 2137 1457 2173 dicuntur
1484 2136 1731 2181 supradictis
1758 2135 1902 2177 modis,
1939 2135 2013 2171 sed

349 2205 584 2242 differentia
622 2205 722 2241 istis.
784 2204 831 2240 Et
867 2204 926 2240 sic
960 2204 1123 2249 quidem
1158 2202 1290 2248 magis
1329 2202 1494 2247 proprie
1532 2201 1650 2237 litera
1686 2200 1846 2246 legitur,
1882 2201 1925 2236 ut
1961 2200 2012 2236 de
2032 2210 2067 2235 30

348 2271 543 2306 subiectis
583 2280 756 2315 agamus
794 2270 872 2305 hoc
911 2269 1050 2304 modo:
1104 2268 1271 2309 (licitur,
1315 2267 1394 2303 hoc
1433 2268 1497 2302 est
1533 2266 1612 2302 dici
1651 2266 1767 2307 solet,
1807 2265 2012 2310 quaedam

347 2334 533 2370 subiecta
560 2343 655 2369 esse
684 2333 921 2369 differentia
946 2332 1243 2373 communiter,
1279 2331 1357 2366 1100
1394 2332 1457 2366 est
1492 2339 1568 2375 per
1603 2338 1862 2365 communem
1899 2328 2012 2364 diffe-

347 2398 534 2434 rentiam.
565 2398 769 2442 quaedam
792 2397 957 2442 proprie
980 2398 1069 2439 etc„
1095 2396 1146 2431 ad
1173 2395 1282 2440 quod
1304 2404 1485 2440 sequens
1506 2394 1626 2430 litera
1646 2394 1752 2430 bene
1774 2393 2010 2433 concordat,

347 2473 438 2499 cum
478 2463 614 2498 statim
649 2472 700 2498 ea
734 2471 840 2506 quae
881 2461 1153 2497 communiter
1186 2460 1389 2501 differunt,
1429 2461 1604 2504 <ponat>
1643 2459 1786 2494 dicens
1826 2467 1877 2494 ea
1915 2467 2011 2494 esse

348 2537 453 2572 quae
483 2527 675 2563 differunt
701 2527 946 2562 alteratione
975 2526 1113 2570 aliqua
1139 2526 1205 2561 vel
1233 2526 1284 2560 ab
1312 2525 1404 2560 aliis
1425 2525 1491 2559 vel
1519 2533 1542 2560 a
1567 2533 1613 2560 se
1634 2524 1746 2568 ipsis.
1796 2522 1845 2558 Et
1865 2522 2012 2558 dicitur
2031 2533 2065 2557 35

346 2593 424 2628 hoc
450 2592 541 2628 loco
577 2592 682 2627 idem
713 2580 808 2627 esse
837 2590 1026 2627 alteratio
1054 2590 1163 2635 quod
1192 2591 1255 2625 est
1282 2589 1477 2625 accidens
1506 2588 1752 2633 separabile,
1788 2588 2012 2633 propterea

347 2657 506 2692 scilicet
533 2657 641 2701 quod
669 2665 928 2692 communem
963 2655 1239 2690 differentiam
1278 2663 1373 2690 esse
1411 2654 1606 2690 accidens
1643 2652 1877 2697 separabile
1913 2651 2012 2687 defi-

348 2722 473 2757 niunt.
526 2721 606 2757 Sed
634 2721 715 2756 iam
742 2720 928 2765 profecto
955 2730 1037 2755 non
1067 2729 1229 2755 omnem
1258 2719 1534 2755 differentiam
1568 2717 1828 2762 accipiemus
1865 2726 2011 2753 secun-

347 2787 440 2822 dum
470 2786 578 2831 quod
606 2786 834 2821 subiectum
864 2795 888 2821 a
916 2794 961 2821 se
990 2786 1186 2820 mutatum
1217 2786 1289 2819 est.
1341 2784 1484 2819 Omnis
1517 2792 1696 2827 namque
1729 2783 1865 2817 motus
1901 2782 2010 2817 hanc

490 2895 530 2926 12
559 2894 806 2933 inseparabile
834 2893 860 2924 L
887 2902 957 2924 om.
979 2892 1007 2924 A
1035 2892 1083 2930 ΑΞ
1216 2892 1257 2922 13
1287 2900 1382 2931 quae
1418 2891 1580 2931 speciem
1613 2889 1766 2927 addidi,·
1798 2889 1841 2921 cf.
1868 2898 1902 2929 p.
1925 2887 2010 2921 67³⁸

347 2960 539 2992 corporum
568 2952 596 2983 A
698 2952 738 2983 16
766 2949 975 2989 Quaeritur]
1004 2959 1117 2990 quare
1143 2950 1172 2982 A
1273 2950 1315 2981 22
1344 2947 1443 2988 esse]
1471 2950 1552 2980 ome
1579 2948 1608 2980 A
1732 2948 1775 2980 27
1803 2947 1937 2987 positio
1962 2947 2010 2984 Ag

347 3011 549 3050 propositio
575 3010 605 3042 A
704 3010 746 3041 32
774 3006 1017 3047 communem]
1045 3008 1285 3040 communiter
1310 3008 1336 3039 A
1439 3008 1482 3037 33
1509 3007 1563 3038 sie
1591 3015 1660 3045 qns
1689 3006 1715 3037 A
1775 3005 1953 3037 concedat
1977 3002 2007 3036 A

347 3069 390 3099 39
418 3070 555 3100 mutata
582 3069 609 3100 A

490 3138 497 3159 ¹
529 3139 578 3170 Cf.
607 3146 738 3179 supra,
768 3148 800 3178 p.
829 3138 907 3169 315⁹.
