2200 3387
323 245 368 279 90
721 246 823 276 l‘eter
851 244 1053 276 Abaelards
1081 244 1214 283 Logica
1242 242 1565 282 ‚Ingredientibus‘.

325 343 576 378 interimitur.
630 342 678 377 l't
707 351 796 376 cum
825 340 997 376 dicimus
1030 340 1166 374 inesse
1197 338 1362 375 homini.
1399 339 1441 373 ut
1469 338 1581 373 solus
1609 347 1827 373 numerare
1856 337 1986 381 possit

325 408 387 443 vel
417 406 685 451 geometriam
715 406 888 440 discere.
941 404 1057 444 Quod
1087 403 1120 438 si
1148 404 1252 438 haec
1286 402 1539 447 possibilitas
1572 403 1624 437 ab
1658 402 1822 437 homine
1851 402 1985 437 seiun-

324 475 454 517 gatur.
490 472 611 506 homo
640 471 728 515 ipse
768 480 847 505 non
884 470 1108 513 permanet.
1162 467 1242 503 Sed
1279 467 1382 502 haec
1418 476 1500 502 non
1538 467 1674 502 statim
1711 476 1854 502 eorum
1891 467 1986 501 sunt

326 546 432 581 quae
461 536 498 570 in
528 535 762 571 substantia
790 534 938 569 insunt.
990 533 1089 568 Nam
1120 542 1198 568 non
1224 532 1374 567 idcirco
1403 532 1524 566 homo
1553 533 1627 569 est,
1656 531 1850 575 quoniam
1876 531 1981 566 haec

326 600 464 635 faeere
492 600 639 643 potest.
669 598 742 633 sed
771 597 962 642 quoniam
991 595 1204 631 rationalis
1243 596 1307 630 est
1343 604 1392 630 ac
1428 594 1635 629 mortalis:
1687 594 1738 629 At
1774 603 1874 629 vero
1911 593 2022 629 hocf,

326 665 415 699 loco
444 662 691 698 Boethius
720 664 800 697 tam
830 661 906 696 sibi
940 661 1018 705 ipsi
1046 669 1166 705 quam
1195 659 1469 704 porphyrio
1497 659 1729 694 contrarius
1757 668 1853 694 esse
1881 658 1989 693 vide-

327 732 400 764 tur.
454 728 544 773 lpse
573 727 681 762 enim
716 727 755 762 ln
784 726 1095 761 Commento¹
1125 725 1221 760 dicit
1254 723 1392 759 omnia
1427 724 1593 768 propria
1629 733 1683 758 ex
1716 722 1989 758 accidentium

326 803 481 837 genere
498 792 773 832 descendere:
797 793 836 826 et
851 799 993 825 rursus
1008 793 1039 825 2¹:
1063 789 1275 829 ,Quoniam
1299 788 1400 833 ipsa,
1423 788 1562 832 inquit,
1585 787 1816 823 accidentia
1836 787 1991 823 habent

327 860 433 894 inter
460 867 505 893 se
534 857 711 901 aliquam
742 854 1028 891 differentiam.
1056 854 1210 889 idcirco
1239 853 1320 888 alia
1346 852 1510 897 quidem
1538 852 1716 897 propria,
1744 851 1826 887 alia
1853 851 1989 896 priore

327 926 366 958 et
389 922 620 966 antiquiore
642 921 807 956 nomine
830 919 1062 955 accidentia
1083 919 1393 962 nuncupantur:
1432 916 1513 953 Sed
1535 917 1580 957 si,
1608 918 1651 952 ut
1678 917 1765 961 ipse
1787 916 1843 952 ait
1869 916 1988 951 Boe·
2011 922 2041 947 ¹0

327 987 480 1023 thiuS.
508 986 740 1022 accidentia
767 986 862 1020 sunt
888 984 1065 1028 propria,
1095 982 1300 1027 quomodo
1328 982 1471 1017 saltem
1501 981 1664 1017 ratione
1692 981 1880 1025 separari
1907 990 1988 1016 non

329 1053 514 1097 possunt.
532 1060 639 1095 quae
655 1052 803 1085 natura
823 1049 1009 1093 separari
1027 1046 1250 1092 permittit?
1278 1046 1390 1082 Sicut
1406 1048 1447 1082 et
1468 1046 1556 1091 ipse
1578 1046 1818 1082 Boethius
1839 1045 1990 1081 ibidem

327 1116 365 1150 in
383 1115 483 1159 ipsis
500 1113 782 1149 Divisionib
795 1122 847 1147 us
862 1116 876 1134 ³³
896 1112 1161 1156 glaucitatem
1178 1112 1387 1146 oculorum
1405 1120 1429 1146 a
1449 1111 1635 1146 subiecto
1657 1110 1820 1145 ratione
1835 1109 1990 1145 dividit.

327 1177 633 1222 Porphyrius
662 1176 819 1221 nigrum
849 1185 873 1211 a
900 1184 1037 1210 corvo.
1088 1174 1312 1210 Praeterea
1346 1174 1435 1217 ipse
1463 1173 1767 1218 Porphyrius
1795 1173 1847 1208 ad
1876 1172 1989 1208 diffe-

327 1242 499 1278 rentIam
518 1241 670 1286 proprii
692 1243 732 1276 et
753 1240 909 1285 speciei
931 1240 971 1274 in
994 1239 1288 1283 sequentibus-¹
1311 1239 1416 1277 dicit,
1443 1239 1551 1283 quod
1572 1240 1668 1273 ante
1691 1236 1877 1273 subsistit
1897 1246 1988 1280 spe·
2010 1249 2041 1273 15

328 1307 413 1343 cies
441 1316 562 1351 quam
589 1306 809 1351 proprium.
840 1304 1047 1349 proprium
1074 1313 1172 1338 vero
1205 1303 1411 1348 posterius
1438 1303 1483 1338 l'it
1510 1303 1550 1338 in
1579 1302 1730 1347 specie.
1775 1301 1989 1341 Quomodo

328 1375 464 1408 autem
493 1374 588 1407 ante
629 1373 692 1406 est
725 1379 845 1414 quam
880 1369 1088 1414 proprium
1122 1369 1162 1403 in
1197 1370 1354 1405 natura,
1389 1368 1423 1403 si
1456 1377 1537 1402 non
1573 1367 1706 1411 possit
1738 1367 1788 1402 ab
1823 1375 1875 1402 ea
1899 1375 1987 1410 pro-

329 1437 458 1481 prium
487 1436 632 1471 saltem
662 1435 821 1471 ratione
850 1433 1065 1478 separari?

471 1501 562 1537 Sed
598 1500 849 1536 sciendum
885 1501 978 1536 est,
1019 1499 1126 1542 quod
1160 1498 1348 1533 duobus
1390 1497 1544 1533 modis
1585 1496 1780 1541 ,separari
1819 1495 1989 1532 ratione‘

330 1566 540 1611 accipitur.
568 1565 725 1601 scilicet
752 1564 816 1600 vel
840 1566 1036 1608 quantum
1057 1563 1108 1599 ad
1132 1562 1487 1598 discretionem
1511 1561 1757 1597 hominum
1779 1561 1845 1596 vel
1867 1569 1991 1604 quan-
2011 1571 2047 1597 20

331 1635 410 1667 tum
453 1631 504 1667 ad
546 1632 772 1666 naturam
812 1629 894 1664 rei.
947 1629 1151 1668 Quantum
1193 1629 1328 1663 autem
1369 1627 1421 1663 ad
1460 1628 1649 1662 naturam
1688 1624 1990 1670 Porphyrius

331 1696 425 1732 dicit
470 1695 651 1740 speciem
698 1695 875 1739 priorem
922 1703 1017 1730 esse
1063 1693 1242 1738 proprio,
1282 1692 1524 1728 Boethius
1563 1701 1664 1738 yero
1704 1692 1899 1735 quantum
1939 1689 1991 1725 ad

329 1761 622 1797 discretionem
663 1761 845 1795 nostram
882 1759 978 1794 dicit
1014 1758 1239 1803 potentiam
1276 1757 1519 1793 numerandi
1558 1757 1623 1792 vel
1663 1755 1848 1792 discendi
1897 1764 1992 1800 geo-

329 1826 516 1861 metriam
543 1825 703 1861 ratione
732 1834 813 1860 non
842 1823 1028 1868 separari
1055 1824 1108 1859 ab
1129 1823 1305 1858 homine.
1357 1822 1513 1857 Nullum
1537 1822 1644 1857 enim
1666 1820 1875 1856 hominum
1897 1828 1990 1855 esse

330 1891 562 1927 arbitratur,
591 1889 658 1934 qui
687 1889 888 1925 rationem
924 1888 1100 1924 reddere
1137 1887 1272 1924 sciret,
1300 1896 1429 1931 quare
1466 1886 1678 1931 potentiae
1714 1885 1820 1921 istae
1858 1883 1990 1929 magis
2010 1898 2045 1924 25

331 1955 517 1999 separari
539 1955 711 1999 possent
726 1954 776 1989 ab
800 1953 976 1993 homine,
993 1962 1115 1997 quam
1131 1952 1391 1987 rationalitas
1407 1951 1471 1986 vel
1493 1950 1779 1986 immortalitas
1799 1950 1840 1985 et
1861 1957 1989 1993 quare

331 2019 517 2054 similiter
556 2018 732 2053 hominis
766 2017 1040 2053 substantiam
1074 2026 1155 2051 non
1193 2015 1445 2052 sufficerent,
1484 2014 1634 2059 quippe
1671 2013 1788 2058 ipsae
1825 2021 1989 2057 quoque

332 2083 543 2128 potentiae
570 2084 664 2118 sunt
690 2084 876 2118 naturae.
905 2091 985 2116 non
1014 2080 1265 2125 aptitudinis.
1318 2080 1419 2115 Sunt
1446 2080 1583 2114 autem
1611 2078 1815 2122 quaedam
1844 2077 1990 2122 aptitu-

331 2148 438 2184 dinis
466 2147 689 2192 potentiae.
718 2148 759 2182 ut
787 2147 880 2181 illae
909 2155 1015 2190 quae
1043 2145 1312 2190 pugillatores
1340 2145 1405 2180 vel
1433 2152 1625 2180 cursores
1651 2143 1818 2181 faciunt,
1855 2143 1896 2177 et
1929 2151 1988 2178 se-

331 2211 508 2247 cundum
535 2211 812 2246 membrorum
840 2209 1120 2254 aptitudinem,
1144 2209 1194 2244 de
1223 2209 1369 2252 quibus
1397 2209 1553 2243 certum
1575 2208 1638 2242 est
1664 2216 1746 2242 non
1774 2215 1870 2242 esse
1899 2206 1990 2241 sub·
2010 2220 2045 2245 30

332 2276 547 2312 stantiales
575 2275 740 2315 homini,
769 2284 859 2310 cum
887 2284 969 2310 non
997 2274 1123 2309 insint
1156 2274 1356 2309 omnibus.
1408 2273 1460 2308 At
1487 2282 1587 2308 vero
1621 2271 1806 2316 potentia
1831 2270 1992 2306 ridendi

332 2341 395 2376 vel
425 2341 668 2376 numerandi
696 2340 885 2375 omnibus
913 2341 975 2375 est
1007 2339 1208 2374 naturalis
1236 2340 1277 2374 et
1302 2338 1386 2380 <si>
1413 2338 1573 2374 acutius
1607 2337 1890 2377 diiudicemus,
1925 2335 1990 2371 fir-

332 2406 436 2441 mius
472 2406 610 2441 inesse
655 2405 810 2449 speciei
846 2405 1008 2440 videtur
1047 2414 1169 2449 quam
1209 2403 1424 2448 gressibile
1463 2403 1529 2437 vel
1575 2402 1703 2447 pres‚
1752 2410 1859 2445 quae
1898 2401 1990 2436 sub-

333 2470 548 2505 stantiales
596 2469 855 2505 differentiae
893 2468 1090 2504 dicuntur.
1164 2468 1308 2503 Actum
1349 2476 1527 2510 namque
1571 2465 1878 2511 gressibilitatis
1917 2473 1992 2509 per

333 2535 611 2570 abscisionem
646 2534 795 2578 pedum
835 2533 999 2568 auferre
1033 2532 1199 2568 omnino
1233 2541 1467 2577 possumus,
1507 2531 1581 2567 sed
1616 2540 1698 2566 non
1736 2530 1794 2565 ita
1831 2529 2044 2567 risibili-35

333 2600 428 2635 tatis
468 2602 615 2635 actum.
654 2599 846 2643 quamdiu
884 2599 1005 2633 homo
1045 2597 1331 2642 permanserit.
1394 2596 1567 2631 Firmius
1606 2596 1745 2639 itaque
1781 2594 1989 2630 risibilitas

332 2665 472 2700 inesse
501 2664 672 2699 videtur.
701 2663 816 2699 cuius
844 2672 920 2698 nec
931 2663 1053 2698 etiam
1075 2665 1190 2698 actus
1211 2663 1349 2707 potest
1369 2661 1533 2699 auferri,
1562 2670 1684 2704 quam
1706 2659 1989 2705 gressibilitas.

336 2729 451 2764 [fnde
473 2729 579 2764 bene
601 2728 838 2763 Boethius
864 2728 969 2763 haec
990 2728 1088 2762 talia
1108 2736 1187 2762 non
1211 2726 1395 2771 separari
1417 2726 1578 2761 ratione
1600 2725 1713 2765 dixit,
1733 2724 1829 2769 quia
1848 2732 1991 2760 eorum

335 2793 610 2838 separationis
638 2793 742 2828 ratio
770 2803 795 2827 a
822 2792 940 2828 nobis
966 2792 1082 2827 reddi
1110 2801 1191 2827 non
1220 2791 1380 2829 sufficit,
1408 2800 1500 2825 cum
1528 2792 1666 2825 tamen
1690 2789 1730 2825 in
1757 2790 1906 2824 natura
1931 2787 1992 2823 rei

334 2858 448 2893 iuxta
476 2858 651 2893 eundem
679 2857 938 2893 Boethium
974 2858 1014 2892 et
1040 2856 1363 2901 Porphyrium
1397 2854 1648 2899 separabilia
1686 2854 1776 2895 sint,
1813 2852 1909 2897 quia
1934 2852 1991 2887 vi-
2009 2868 2044 2893 40

477 2980 519 3011 32
548 2980 674 3011 acuius
701 2979 729 3010 A
830 2979 883 3016 35,
901 2979 942 3010 37
971 2978 1107 3010 afferre
1133 2977 1161 3009 A
1263 2978 1305 3008 36
1332 2976 1547 3009 risibilitatis
1573 2975 1602 3008 A

477 3050 487 3071 ¹
516 3051 676 3087 Boeth.,
707 3050 747 3081 In
779 3049 913 3089 Pnrph.
943 3049 996 3080 ed.
1025 3049 1051 3080 11
1080 3049 1102 3079 l.
1130 3057 1167 3083 0.,
1196 3057 1228 3087 p.
1255 3043 1414 3079 2763-4.
1506 3046 1520 3067 ²
1547 3046 1695 3078 Boeth.
1724 3046 1745 3077 l.
1774 3054 1812 3083 c.,
1840 3053 1872 3085 p.
1896 3042 1991 3076 276⁹

477 3110 490 3129 ²³
517 3109 675 3147 Boeth.‚
698 3108 752 3139 De
772 3108 855 3144 dien,
878 3116 912 3147 p.
929 3107 993 3138 881
1010 3107 1046 3138 Β.
1157 3105 1169 3127 4
1197 3106 1355 3144 Boeth.,
1379 3106 1421 3137 In
1443 3105 1580 3145 Porph.
1603 3104 1657 3136 ed.
1678 3104 1706 3136 ΙΙ
1727 3103 1748 3135 l.
1771 3112 1808 3140 0.,
1832 3112 1864 3142 p.
1887 3100 1988 3134 338³.
