2200 3387
171 902 202 925 lo

172 1226 202 1250 15

169 1558 203 1583 20

169 1880 203 1906 25

171 2323 205 2345 :w

174 2978 208 3001 4η

413 216 443 246 2.
474 213 537 246 oie
566 214 721 246 olom-svn
751 222 792 245 zu
821 212 889 244 deu
920 212 1153 252 lxutvgmieu.
1258 212 1305 242 lh·
1334 212 1402 243 >itu
1432 216 1467 242 vt
1491 211 1681 251 positione.
1830 208 1897 241 257,

221 320 418 347 sessurus
441 319 534 346 csse
557 313 728 355 propter
749 310 924 346 futuram
955 312 994 344 et
1016 309 1085 353 qui
1108 309 1231 353 longo
1255 312 1441 353 tempore
1464 310 1635 344 amatur.
1660 307 1736 343 (lici
1760 309 1897 352 potest

220 375 336 411 simul
367 378 407 411 et
434 374 563 411 amari
593 374 715 410 modo
744 376 784 410 et
812 375 973 410 amatus
1007 383 1102 409 esse
1131 373 1223 408 olim
1265 376 1303 408 ct
1337 373 1540 408 amandus
1569 382 1664 407 esse
1695 373 1732 408 in
1763 372 1895 408 futuro

221 439 447 476 secundum
477 439 646 475 diversa
668 439 877 484 passionis
899 438 1121 474 individua.
1175 438 1335 482 Quippe
1358 437 1450 473 dum
1475 438 1582 474 aliud
1607 440 1670 473 est
1693 448 1896 482 praesens

222 505 260 540 in
289 514 352 542 eo.
386 505 495 540 aliud
524 507 587 540 est
621 504 730 540 circa
769 504 900 549 ipsum
941 503 1018 539 iam
1060 503 1340 548 praeteritum.
1382 503 1489 538 aliud
1533 503 1666 538 adhuc
1707 503 1896 538 futurum.

221 568 417 605 Similiter
443 571 581 604 autem
610 578 701 604 cum
731 569 853 613 longo
882 570 1069 612 tempore
1098 568 1245 603 domus
1274 567 1394 603 lieret
1431 570 1470 602 et
1509 577 1582 611 per
1617 567 1777 611 singula
1818 578 1897 602 nm-

222 637 359 670 menta
387 633 555 670 diversa
582 634 791 678 passionis
830 633 1040 669 individua
1074 633 1112 668 in
1149 632 1269 677 lignis
1306 635 1459 671 essent.
1500 632 1628 677 potuit
1665 633 1756 668 olim
1799 642 1897 667 vero

221 699 312 739 dici.
334 699 429 744 quia
452 699 561 744 ligna
584 699 686 735 fiunt
708 698 866 735 domus.
897 698 933 734 id
957 701 1022 734 est
1045 699 1197 734 liabent
1220 698 1258 734 in
1283 698 1494 742 praesenti
1519 698 1755 743 passionem
1781 698 1897 733 istam

221 767 261 800 et
288 764 384 810 quia
411 764 490 801 iam
519 767 613 800 sunt
641 763 748 800 facta
777 763 936 801 domus.
965 764 1059 808 quia
1089 764 1186 799 talia
1214 767 1319 799 sunt.
1357 763 1465 799 circa
1495 772 1601 807 quae
1639 763 1716 798 iam
1757 763 1898 807 passio

222 839 297 875 per
321 829 431 866 aliud
461 829 726 866 individuum.
779 828 845 865 Sic
874 838 1038 874 quoque
1068 830 1117 865 de
1146 829 1283 874 aliquo
1318 828 1384 864 diu
1425 828 1627 864 moriente
1666 829 1742 864 dici
1781 829 1898 864 simul

223 895 375 940 poterit
396 895 528 940 ipsum
550 897 590 930 et
612 894 855 930 morientem
886 903 982 930 esse
1006 894 1233 930 secundum
1255 903 1458 939 praesens
1483 893 1734 929 individuum
1759 893 1900 929 mortis

221 962 261 996 et
298 960 539 996 moriturum
575 968 670 995 esse
708 959 936 995 secundum
975 960 1153 995 futurum
1190 959 1442 995 individuum
1485 963 1524 995 et
1559 962 1761 995 mortuum
1803 968 1899 994 esse

222 1025 449 1062 secundum
479 1024 760 1070 praeteritum.
814 1024 901 1060 Non
930 1025 1038 1061 enim
1068 1028 1308 1062 mortuum.
1337 1025 1502 1069 quando
1539 1027 1601 1060 cst
1630 1024 1899 1069 participium.

222 1092 286 1126 est
314 1090 550 1135 oppositum
579 1090 687 1128 vivo.
723 1090 828 1126 sicut
862 1090 1029 1135 quando
1064 1093 1128 1126 est
1168 1100 1330 1126 nomen.
1386 1090 1584 1125 Vestitum
1629 1099 1793 1135 quoque
1837 1091 1898 1125 vel

222 1157 437 1192 armatum.
466 1155 500 1191 si
527 1155 743 1201 participia
759 1155 840 1191 sint
863 1156 1131 1200 praeteritam
1163 1156 1400 1201 passionem
1431 1155 1706 1201 designantia.
1730 1156 1780 1191 (le
1803 1165 1901 1199 quo-

223 1230 398 1266 cumque
438 1221 743 1266 praedicantur.
782 1221 855 1256 sed
895 1230 974 1256 non
1014 1221 1079 1256 ita.
1118 1221 1149 1256 si
1190 1224 1404 1256 sumantur
1438 1221 1602 1256 nomina
1645 1223 1806 1265 sumpta
1849 1221 1900 1255 ab

223 1286 391 1322 habere.

367 1351 480 1388 Nunc
497 1351 658 1388 literam
676 1361 989 1396 prosequamur.
1016 1350 1091 1397 {Sic
1115 1352 1254 1397 iunge:
1277 1351 1365 1387 Non
1383 1353 1514 1388 solum
1532 1352 1710 1397 qualitas
1729 1352 1904 1397 suscipit

223 1416 564 1453 contrarietatem
604 1420 644 1452 et
682 1417 814 1462 magis
853 1420 892 1453 et
931 1417 1076 1453 minus.
1116 1418 1189 1453 sed
1229 1417 1354 1454 etiam
1391 1417 1531 1454 iacere
1560 1420 1600 1453 et
1635 1418 1728 1462 pati.
1767 1418 1802 1453 id
1839 1421 1903 1453 est

224 1490 352 1517 voces
386 1481 673 1527 significantes
708 1481 914 1517 actionem
953 1484 993 1517 et
1034 1481 1286 1526 passionem.
1339 1480 1575 1518 calefacere
1614 1482 1739 1517 enim.
1796 1481 1901 1518 Vere

224 1555 353 1582 voces
381 1545 668 1592 significantes
697 1546 904 1582 actionem
934 1546 998 1582 vel
1026 1546 1266 1591 passionem
1289 1549 1384 1582 sunt
1403 1547 1650 1583 contrariae.
1674 1547 1901 1583 secundum

224 1610 572 1656 significationem
594 1610 764 1651 scilicet,
781 1610 878 1656 quia
898 1611 1017 1648 istae.
1064 1611 1307 1656 Apartibus.
1354 1611 1510 1648 idcirco
1532 1612 1638 1649 sicut
1661 1613 1734 1648 luit
1756 1622 1904 1658 propo—

224 1675 318 1712 sitio
347 1686 371 1712 a
398 1675 598 1721 partibus,
626 1675 683 1712 ita
711 1678 751 1712 et
779 1675 905 1712 illatio
934 1686 1057 1721 quam
1089 1676 1198 1714 facit.
1234 1677 1329 1722 quia
1357 1677 1442 1713 vult
1479 1678 1654 1713 transire
1693 1678 1745 1714 ad
1781 1678 1901 1714 aliam

224 1740 520 1786 proprietatem
550 1741 867 1783 ostendendam,
896 1751 1017 1787 quam
1048 1742 1183 1778 statim
1212 1742 1397 1778 adnectit
1425 1742 1585 1779 dicens:
1623 1745 1659 1778 vl
1701 1744 1840 1787 ›namis-
1867 1745 1902 1778 el

227 1806 382 1847 tnz‘nns,
409 1808 449 1842 et
476 1815 529 1842 ex
558 1806 717 1842 eisdem
746 1807 930 1851 partibus
953 1807 1179 1843 illationem
1199 1807 1395 1853 supponit
1418 1807 1577 1845 dicens:
1609 1808 1769 1853 Recipit
1790 1819 1901 1852 erm).

226 1870 570 1917 Quandoquidem
612 1872 691 1908 ista
737 1871 958 1908 sufiiciunt.
1002 1873 1144 1918 itaque
1183 1875 1302 1909 mma
1345 1873 1557 1914 ‹lic-antur,
1597 1874 1705 1918 quod
1747 1874 1904 1910 scilicet

225 1936 456 1981 suscipiunt
492 1937 834 1973 contrarietatem
873 1941 912 1973 et
954 1937 1084 1983 magis
1125 1941 1164 1974 et
1206 1938 1350 1974 minus.
1405 1938 1475 1974 Vel
1519 1938 1572 1974 ita
1615 1939 1775 1984 legatur
1814 1939 1904 1976 sine

225 2001 428 2038 illatione:
457 2002 508 2039 de
536 2002 609 2039 his.
638 2003 677 2039 id
706 2006 770 2039 est
796 2003 939 2039 facere
968 2006 1008 2040 et
1042 2004 1138 2049 pati,
1167 2003 1356 2040 dicantur
1384 2006 1510 2041 tanta.
1540 2005 1576 2040 id
1607 2008 1669 2041 est
1699 2015 1773 2049 per
1801 2006 1904 2041 llaec

225 2068 305 2104 duo
334 2068 503 2104 scilicet.
533 2070 572 2104 et
600 2068 657 2104 ita
685 2069 854 2105 dicatur.
883 2069 988 2121 sicut
1017 2079 1095 2114 ego
1124 2070 1220 2105 dixi.

784 2223 854 2263 De
890 2223 984 2264 situ
1018 2224 1068 2264 et
1100 2224 1365 2274 positione.

369 2311 536 2348 Dictum
567 2314 623 2348 es!
651 2315 806 2349 autem.
859 2313 969 2350 Situs
997 2314 1104 2350 idem
1135 2324 1285 2351 nomen
1315 2316 1353 2351 in
1383 2316 1688 2362 significatione
1712 2318 1817 2362 quod
1843 2322 1906 2353 est

227 2375 393 2419 positio.
445 2374 492 2412 Et
520 2379 584 2412 est
612 2376 761 2421 positio
790 2377 996 2423 quaedam
1025 2379 1259 2424 proprietas
1289 2389 1395 2424 quae
1423 2380 1483 2416 rei
1511 2390 1617 2424 quae
1647 2381 1685 2417 in
1715 2381 1805 2417 loco
1832 2385 1905 2418 est.

227 2440 424 2478 convenit
450 2442 680 2478 secundum
715 2443 880 2479 modum
916 2453 962 2480 se
1000 2444 1181 2481 habendi
1219 2445 1257 2480 in
1296 2445 1397 2483 loco.
1436 2445 1474 2481 in
1513 2455 1563 2481 eo
1601 2446 1759 2483 seilicet
1797 2449 1904 2492 quod

231 2506 294 2542 vel
323 2506 411 2547 <in>
438 2507 628 2543 accubitu
658 2510 720 2544 est
748 2509 813 2545 vel
841 2509 960 2545 sedet
988 2510 1052 2546 vel
1083 2512 1174 2546 stat.
1228 2510 1297 2547 Est
1326 2511 1465 2556 itaque
1494 2512 1643 2556 positio
1676 2513 1765 2549 sive
1804 2514 1906 2550 situs

227 2579 360 2618 genus
389 2572 764 2618 generalissimum.
793 2574 928 2611 sessio
952 2584 1065 2612 vero.
1089 2577 1225 2613 statio,
1247 2577 1460 2614 accubitus
1483 2578 1648 2623 species
1671 2582 1766 2614 sunt
1788 2579 1906 2615 illius-

200 2636 274 2672 ‚Et
301 2637 471 2673 attende
501 2638 749 2682 positionem
786 2640 908 2676 aliam
944 2651 1051 2679 esse.
1086 2652 1194 2687 quae
1233 2643 1340 2678 actio
1376 2643 1438 2679 vel
1469 2644 1609 2688 passio
1651 2648 1724 2680 est.
1766 2655 1788 2680 a
1825 2655 1906 2689 qua

229 2712 362 2748 pono.
392 2702 523 2747 ponis.
552 2713 696 2748 ponor.
726 2705 906 2749 poneris*
935 2709 1140 2752 sumptum
1172 2711 1246 2744 est.
1274 2717 1382 2754 quae
1410 2709 1574 2753 quidem
1609 2710 1658 2745 ad
1696 2710 1907 2754 praedica-

229 2769 410 2804 mentum
451 2768 628 2805 actionis
665 2770 730 2805 vel
769 2771 978 2815 passionis
1017 2773 1299 2818 retorquenda
1336 2777 1440 2810 sunt.
1483 2783 1562 2810 non
1603 2775 1653 2810 ad
1696 2775 1907 2819 praedica-

227 2835 409 2869 mentum
433 2833 544 2869 situs.
592 2833 708 2874 Quae
731 2835 770 2871 in
792 2845 842 2871 eo
865 2836 1032 2872 diversa
1054 2846 1150 2873 esse
1173 2847 1197 2873 a
1213 2838 1552 2883 praedicamento
1569 2840 1670 2875 situs
1693 2843 1907 2885 apparent,

228 2898 337 2942 quod
366 2907 534 2943 semper
561 2899 668 2935 inter
695 2900 862 2936 diversa
897 2901 1225 2938 considerantur.
1255 2903 1349 2948 quia
1385 2903 1494 2939 aliud
1533 2907 1596 2939 est
1633 2905 1741 2949 quod
1780 2906 1905 2950 ponit.

229 2963 338 2999 aliud
367 2964 477 3008 quod
512 2965 688 3010 ponitur.
742 2966 817 3006 Qui
854 2976 953 3002 vero
995 2967 1124 3004 sedet.
1161 2978 1211 3003 ox
1248 2978 1305 3004 se.
1342 2979 1419 3004 uun
1458 2980 1507 3005 ex
1550 2970 1629 3005 alio
1672 2970 1706 3005 id
1750 2970 1905 3006 habere

371 3099 390 3129 6
419 3097 518 3137 οϋηη
543 3089 587 3131 od
616 3100 642 3132 A
749 3102 788 3132 lu
817 3099 866 3140 οη
895 3102 1056 3134 οὓῡηι;1
1191 3104 1292 3135 14-15
1322 3112 1470 3143 quoque
1504 3105 1540 3135 1.

302 3164 416 3192 Beitr.
440 3164 511 3193 xxi.
551 3166 695 3198 Geyer,
720 3167 891 3195 Almelartls
914 3168 1022 3201 philos,
1043 3169 1205 3196 schruivn.
1725 3165 1762 3195 17

1932 2195 2071 2232 Boeth.

1931 2255 1967 2288 υ.
1980 2242 2093 2279 2621}
