2200 3387
225 587 247 619 s.
275 586 342 619 437·

364 236 433 273 300
780 239 886 272 Peter
911 240 1116 273 Abaelards
1143 239 1279 281 Logica
1305 240 1629 282 ,Ingredientibus‘.

365 332 478 366 tasse
507 330 685 366 creverit
711 329 785 376 [et]
814 330 909 375 quia
937 332 978 366 et
1004 331 1114 376 quod
1141 331 1253 376 prius
1282 332 1371 367 erat
1398 332 1438 367 et
1465 331 1574 377 quod
1602 341 1656 368 ex
1684 342 1734 369 eo
1769 332 1922 369 factum
1955 333 2030 375 est,

366 402 543 429 acervus
571 394 728 429 dicitur.
781 393 898 434 Quod
933 394 966 429 si
1003 394 1108 439 lapis
1144 394 1298 430 homini
1325 395 1391 430 vel
1427 395 1550 431 homo
1586 396 1711 441 lapidi
1746 396 2030 442 coniungatur,

366 459 592 494 11001101110
629 468 764 503 neque
798 459 902 504 lapis
939 459 1059 494 simili
1096 460 1256 495 ratione
1296 460 1480 496 crevisse
1520 460 1676 502 dicitur,
1717 461 1826 506 quod
1866 461 2032 506 quidem

367 526 490 560 esset.
518 523 600 565 <si>
629 524 901 568 compositum
930 524 995 560 vel
1023 524 1182 569 lapides
1211 525 1276 560 vel
1309 525 1500 560 homines
1534 525 1612 561 dici
1645 526 1800 570 posset.
1852 524 1894 561 Si
1931 535 2031 571 ergo

368 588 527 624 duobus
548 588 782 624 hominibus
804 589 949 625 tertius
978 589 1163 631 addatur,
1188 590 1193 632 Ι
1216 589 1405 625 homines
1433 591 1636 625 crescunt.
1689 590 1731 626 Si
1751 599 1852 626 vero
1875 590 2032 626 eisdem

369 662 500 698 equus
528 653 714 691 addatur.
742 664 824 689 non
853 656 1107 690 crementum
1135 654 1357 695 hominum,
1385 654 1459 690 sed
1487 654 1726 691 animalium
1754 657 1795 691 et
1815 664 2034 700 corporum

369 717 549 754 fortasse
578 718 657 754 dici
693 721 848 763 potest;
886 721 1015 754 totum
1051 718 1204 764 quippe
1243 719 1375 763 ipsum
1409 719 1602 755 animalia
1637 720 1703 756 vel
1742 729 1917 766 corpora
1956 719 2036 756 dici

369 783 516 827 potest.
538 791 620 817 non
643 782 842 823 homines,
866 782 971 818 sicut
987 784 1028 818 et
1049 792 1100 818 ea
1121 792 1228 827 quae
1249 785 1346 819 ante
1369 782 1544 823 fuerant,
1567 783 1761 819 animalia
1781 783 2034 819 dicebantur.

513 847 593 882 Sed
623 849 920 891 opponetur:
949 847 983 882 si
1006 857 1055 883 ea
1076 847 1271 883 animalia
1292 856 1399 892 quae
1422 850 1614 884 crescunt
1634 857 1709 892 per
1729 847 2036 884 adiunctionem

371 911 476 956 equi.
505 911 693 947 homines
721 914 826 952 sunt,
854 911 1039 956 profecto
1067 912 1136 948 ubi
1163 922 1214 948 ea
1247 915 1450 953 crescunt,
1488 913 1651 958 oportet
1687 913 1809 949 etiam
1846 912 2036 949 homines

371 984 574 1010 crescere.
635 975 682 1010 Et
721 985 810 1010 nos
850 975 1045 1019 quidem
1085 976 1406 1012 concedimus
1446 986 1514 1012 res
1549 977 1664 1021 ipsas
1704 985 1811 1021 quae
1846 976 2036 1012 homines

371 1042 477 1081 sunt,
505 1050 700 1076 crescere
727 1050 802 1084 per
835 1041 1143 1076 adiunctionem
1180 1051 1344 1086 quoque
1382 1041 1487 1087 equi,
1524 1051 1607 1077 non
1644 1044 1839 1086 quantum
1875 1042 1928 1078 ad
1966 1051 2038 1077 nu-

372 1115 529 1141 merum
557 1105 778 1143 hominum.
807 1105 880 1140 sed
908 1105 1158 1141 animalium.
1209 1105 1328 1142 Unde
1351 1106 1386 1141 si
1412 1107 1578 1151 proprie
1606 1107 1718 1151 loqui
1738 1107 2037 1148 desideramus,

370 1170 451 1207 alia
478 1170 614 1215 potius
643 1179 765 1215 quam
793 1170 983 1206 homines
1019 1170 1206 1206 crevisse
1243 1171 1440 1211 dicamus,
1469 1171 1774 1216 quodammodo
1811 1173 1962 1213 tamen,
1995 1172 2039 1207 ut

372 1236 524 1271 dictum
551 1236 625 1276 est,
653 1235 842 1271 homines
871 1244 1037 1280 quoque
1065 1235 1262 1275 crevisse,
1296 1237 1339 1271 ut
1366 1236 1684 1272 determinatum
1711 1237 1786 1278 est,
1812 1245 2036 1281 possumus

372 1301 522 1336 dicere.

513 1365 775 1401 Manifestum
804 1366 869 1401 est
896 1365 1036 1410 itaque
1064 1375 1119 1401 ex
1145 1365 1208 1401 his
1237 1375 1343 1410 quae
1372 1365 1481 1401 dicta
1508 1367 1613 1407 sunt,
1647 1366 1778 1411 magis
1806 1366 1847 1402 in
1875 1375 1926 1402 eo
1954 1375 2039 1402 cre-

373 1431 555 1467 mentum
582 1430 714 1475 accipi
736 1430 902 1471 debere,
925 1430 1034 1475 quod
1060 1430 1213 1475 aliquid
1234 1430 1426 1467 videlicet
1445 1440 1520 1476 per
1539 1431 1847 1467 adiunctionem
1869 1431 2039 1467 alterius

372 1496 413 1531 in
441 1495 655 1531 consimile
689 1495 766 1531 sibi
800 1495 1074 1540 compositum
1110 1495 1268 1535 transit,
1304 1505 1426 1540 quam
1463 1495 1502 1531 in
1537 1505 1586 1531 eo
1624 1496 1733 1541 quod
1770 1495 1859 1532 eius
1898 1497 2040 1541 partes

374 1560 702 1605 multiplicentur.
753 1559 870 1596 Nulla
897 1560 1005 1595 enim
1032 1570 1100 1596 res
1129 1570 1210 1596 uno
1238 1562 1425 1605 tempore
1446 1561 1586 1605 plures
1607 1561 1733 1597 habet
1752 1561 1895 1606 partes
1917 1569 2040 1605 quam
2060 1572 2076 1598 2

373 1625 465 1664 alio,
493 1626 536 1660 ut
562 1625 750 1661 collectio
773 1624 893 1660 trium
919 1625 1101 1670 lapidum
1128 1634 1351 1670 numquam
1379 1625 1562 1661 abundat
1582 1625 1623 1661 in
1642 1625 1828 1670 partibus
1850 1634 1925 1670 per
1946 1634 2042 1661 con-

373 1690 625 1726 iunctionem
648 1690 830 1731 alicuius,
859 1692 902 1725 ut
924 1690 1118 1726 videlicet
1138 1690 1276 1735 plures
1298 1691 1421 1726 modo
1442 1691 1584 1735 partes
1601 1700 1723 1736 quam
1743 1690 1856 1735 prius
1877 1690 2041 1731 habeat,

375 1764 453 1791 nec
474 1764 570 1791 caro
587 1755 705 1800 pueri
726 1764 832 1800 quae
854 1755 966 1800 prius
990 1757 1079 1791 erat
1100 1755 1272 1796 occulta,
1293 1755 1439 1800 recipit
1460 1755 1772 1797 incrementum,
1794 1756 1837 1791 ut
1857 1754 2042 1800 pluribus

375 1820 497 1856 modo
526 1821 689 1856 constet
714 1820 900 1865 partibus
927 1829 1051 1865 quam
1083 1820 1208 1865 prius.
1262 1820 1421 1865 Quippe
1458 1820 1556 1856 illud
1584 1820 1693 1865 quod
1730 1819 2042 1865 superadditum

377 1887 449 1926 est,
476 1894 559 1921 non
585 1894 682 1930 pars
711 1885 800 1920 eius
828 1885 893 1921 cui
919 1885 1155 1921 adiunctum
1190 1886 1264 1921 est.
1315 1885 1429 1921 Haec
1467 1885 1517 1921 dc
1554 1887 1667 1921 motu
1705 1884 1945 1930 quantitatis
1974 1884 2042 1929 qui

377 1952 588 1986 cremento
617 1952 658 1986 et
685 1950 954 1986 diminutione
982 1950 1186 1992 dividitur,
1215 1951 1315 1986 satis
1345 1951 1409 1987 est
1435 1950 1604 1987 dixisse.

517 2015 577 2051 Ex
599 2025 679 2060 quo
701 2015 752 2051 ad
780 2017 961 2051 motum
988 2015 1254 2060 qualitatis
1282 2017 1555 2057 transeamus,
1584 2015 1653 2060 qui
1674 2015 1864 2051 alteratio
1885 2014 2042 2051 dicitur.

378 2080 625 2121 Qualitatem
653 2082 790 2116 autem
812 2080 891 2116 hoc
911 2080 1003 2116 loco
1026 2079 1274 2116 determinat
1294 2079 1468 2116 formam
1490 2080 1714 2124 quamlibet
1734 2079 2043 2120 accidentalem,

378 2155 484 2189 quae
512 2145 669 2181 scilicet
695 2145 926 2180 subiectum
953 2145 1017 2181 cui
1044 2145 1224 2186 advenit,
1251 2146 1409 2187 alterat,
1437 2147 1480 2181 ut
1507 2146 1666 2186 albedo,
1704 2145 1849 2186 sessio,
1886 2154 2044 2190 cursuS,

378 2211 606 2247 calciatum.
657 2210 758 2246 Nam
787 2220 836 2246 ea
864 2219 970 2254 quae
998 2210 1283 2246 substantialis
1311 2213 1375 2246 est
1406 2210 1549 2253 forma,
1584 2210 1715 2256 magis
1747 2219 1951 2256 generare
1978 2210 2045 2246 vel

379 2283 645 2319 corrumpere
673 2273 835 2309 videtur
862 2283 986 2318 quam
1013 2275 1203 2310 alterare.
1254 2274 1354 2310 Illud
1381 2275 1531 2319 quippe
1565 2275 1631 2310 cui
1663 2274 1842 2315 advenit,
1879 2274 1920 2309 in
1955 2274 2046 2310 sub-

380 2339 573 2375 stantiam
600 2340 831 2384 promovet,
859 2341 901 2374 ut
928 2348 1079 2384 supra
1106 2339 1321 2378 diximus¹‚
1361 2341 1402 2374 et
1437 2339 1546 2375 aliud
1581 2338 1689 2375 facit.
1740 2339 2045 2384 Porphyrius

379 2406 518 2440 tamen
554 2412 646 2439 eum
675 2413 838 2448 quoque
872 2404 1037 2439 modum
1078 2404 1146 2449 qui
1186 2413 1238 2440 ex
1279 2404 1523 2440 differentiis
1562 2403 1796 2440 huiusmodi
1835 2402 2046 2449 contingit,

379 2467 668 2504 alterationem
705 2467 868 2503 videtur
904 2468 1126 2512 appellare,
1163 2468 1232 2504 ubi
1269 2468 1427 2504 scilicet
1462 2468 1519 2504 ait
1555 2477 1720 2504 omnem
1757 2467 2046 2509 differentiam,

380 2533 462 2567 tam
485 2532 644 2567 scilicet
664 2531 964 2567 accidentalem
987 2541 1108 2576 quam
1136 2532 1463 2573 substantialem,
1484 2531 1625 2568 facere
1646 2532 1874 2568 alteratum.
1926 2530 2044 2567 Unde

380 2596 420 2632 in
458 2596 686 2641 Isagogis
721 2596 772 2632 de
810 2596 1045 2632 differentia
1084 2596 1338 2641 disputans‘2:
1373 2596 1695 2638 ,Universaliter‚
1733 2596 1875 2642 inquit,
1914 2595 2047 2632 omnis

382 2660 618 2696 differentia
645 2660 811 2696 cuilibet
837 2660 1068 2696 adveniens
1097 2662 1315 2697 alteratum
1340 2661 1460 2697 facit*
1511 2661 1590 2697 Ubi
1625 2671 1708 2697 non
1741 2661 1893 2697 adiecit
1925 2659 2047 2696 aliam

381 2725 523 2761 facere
560 2726 778 2761 alteratum
816 2725 960 2766 solum,
997 2735 1103 2770 quae
1140 2726 1297 2762 scilicet
1332 2726 1602 2762 accidentalis
1638 2727 1713 2767 est,
1750 2726 1872 2762 aliam
1907 2725 2047 2761 facere

384 2790 507 2826 etiam
535 2790 656 2831 aliud,
694 2791 808 2826 velut
835 2800 926 2826 eam
955 2800 1060 2835 quae
1098 2791 1382 2827 substantialis
1419 2793 1493 2827 est.
1544 2791 1588 2826 In
1625 2800 1705 2836 quo
1741 2790 1921 2827 fortasse
1957 2789 2047 2835 ipse

2053 598 2070 622 5

2059 920 2091 945 10

2059 1243 2092 1268 15

2062 1890 2096 1916 25

2065 2218 2099 2244 30

2066 2542 2100 2567 35

383 2855 688 2900 Porphyrius
714 2855 792 2891 illis
821 2855 1058 2891 consentire
1086 2855 1248 2891 videtur
1275 2856 1343 2900 qui
1370 2865 1533 2892 omnem
1566 2857 1720 2891 motum
1757 2854 2046 2891 alterationem
2066 2866 2101 2890 40

527 2977 545 3009 3
573 2975 697 3016 homo]
724 2977 819 3017 lapis
846 2986 962 3018 super
989 2977 1128 3009 lineam
1157 2978 1340 3018 seriptum
1366 2978 1421 3009 est
1573 2975 1611 3009 2]
1644 2985 1711 3017 pro
1738 2976 1993 3008 coniunctione
2019 2974 2049 3007 A

385 3036 428 3067 23
457 3036 590 3068 occl-tu
615 3036 644 3068 A

528 3105 538 3126 ¹
569 3105 619 3138 Cr.
645 3114 765 3146 supra
794 3115 828 3146 p.
858 3105 922 3138 297
935 3105 959 3138 3.
1128 3105 1143 3127 ‘2
1169 3106 1329 3145 Boeth„
1357 3106 1400 3138 Ire
1430 3105 1566 3147 Porph.
1595 3106 1650 3138 ed.
1678 3106 1859 3144 Brandt,
1887 3113 1922 3145 p.
1949 3102 2049 3136 2441.
