2200 3387
501 231 526 259 1.
558 228 620 260 llic
648 230 803 261 (Πομ-5011
833 238 875 260 zu
905 230 1134 270 l’orplisrius.
1238 233 1287 262 lle
1315 235 1643 268 communitutilius.
1861 234 1905 268 §³7

236 323 286 359 de
315 324 431 368 equis
459 328 498 360 et
529 326 670 362 bobus.
708 326 745 361 id
774 329 839 362 est
866 326 916 362 de
946 326 1180 362 nominibus
1209 330 1517 366 continentibus
1541 342 1671 377 equos
1694 336 1734 369 et
1763 334 1903 371 boves.

235 398 342 433 quae
371 393 465 425 sunt
493 391 668 435 species.
697 393 737 426 ct
765 391 816 426 (le
845 392 906 427 liis
935 402 1042 436 quae
1070 397 1163 428 sunt
1193 398 1344 438 partes.
1382 396 1419 430 id
1455 400 1518 432 est
1546 398 1596 432 de
1624 398 1903 442 singularibus

236 458 275 489 et
321 456 619 491 communibus.
683 457 847 501 xpm-ies
894 459 1051 497 nutem,
1090 458 1248 494 seilicet
1286 461 1598 504 specialissima.
1636 463 1685 497 ‘lv
1724 465 1790 499 Itis
1828 466 1903 509 qui

232 522 329 554 suu!
357 521 643 564 particulares
671 522 876 561 hominm,
911 522 946 557 id
977 526 1040 558 est
1068 523 1119 559 de
1154 524 1473 568 particularibus
1509 528 1742 564 nominibus
1778 530 1902 566 1101111-

196 590 211 612 -“·
234 594 340 620 num.
391 586 535 630 ὅροι-ἰν
561 597 800 626 corvorum.
829 587 866 623 id
889 590 952 623 est
973 589 1142 633 speciali
1167 590 1333 626 nominc
1355 592 1593 628 continente
1616 604 1777 629 corvos.
1824 596 1903 630 Sml

177 919 208 943 lt)

173 1244 204 1268 15

166 1570 200 1594 ’.Ὃ

158 2228 193 2251 :30

231 650 536 695 prim-ipatitvr
555 652 738 696 quidem.
769 651 859 688 Dixi
876 653 1109 689 accidentia
1126 655 1358 699 praedicari
1377 660 1457 692 tam
1476 658 1526 693 de
1544 659 1763 703 speciebus
1779 670 1899 704 quain

231 716 281 751 de
311 716 542 753 individuis.
570 718 643 753 sed
673 718 954 763 principaliter
981 719 1032 754 de
1061 719 1281 756 individuis
1310 722 1613 766 praedicantur.
1651 725 1900 761 secundario

230 782 280 817 dc
303 782 536 826 speciebus,
583 782 780 819 Maiorem
806 793 983 833 namque.
1006 785 1189 821 notitiam
1214 786 1488 823 accidentium
1512 789 1722 825 individua
1745 790 1900 827 faciunt

229 857 349 892 quam
374 848 639 886 universalia.
668 859 720 885 ex
743 835 994 885 discretione
1018 852 1155 886 tamen
1187 854 1339 889 nostra.
1370 862 1448 888 non
1478 862 1529 889 ex
1554 854 1591 889 vi
1622 855 1746 891 vocis.
1799 856 1898 892 Cum

229 913 336 949 enim
360 914 483 949 audio
506 915 734 950 ,Socratesn
762 915 908 950 simum
932 916 1137 959 quendam
1160 917 1222 952 vel
1253 918 1430 962 crispum
1458 919 1764 963 quodammodo
1787 921 1899 957 intel-

227 978 319 1023 ligo.
343 979 416 1014 sed
440 988 521 1014 non
542 979 608 1016 ita.
631 988 723 1014 cum
740 979 863 1015 audio
886 980 1043 1016 .liomo·.
1096 981 1155 1017 De
1175 991 1225 1018 eo
1246 982 1384 1027 itaque
1404 984 1600 1020 accidens
1617 985 1899 1031 principaliter

226 1043 384 1081 dicitur.
421 1044 530 1088 quod
570 1044 701 1089 magis
738 1045 789 1080 ad
828 1045 1174 1089 significationem
1213 1047 1302 1083 eius
1337 1049 1691 1095 qualitercumque
1725 1053 1896 1089 accedit.
1929 1087 2045 1121 nom.

367 1110 604 1145 (bmnium
648 1113 803 1146 (talem.
869 1111 1090 1156 ,xssignata
1136 1114 1340 1149 communi
1383 1115 1562 1151 omnium
1603 1117 1897 1154 convenientia
1926 1113 2062 1177 „2913

224 1175 537 1212 familiaritates.
568 1175 621 1217 Qid
651 1178 737 1216 est>
759 1177 1090 1214 communitates.
1122 1180 1162 1214 et
1187 1178 1445 1215 differentias
1477 1181 1584 1216 inter
1608 1182 1703 1218 bina
1731 1186 1771 1218 et
1800 1184 1895 1219 bina

225 1240 416 1277 ostendit.
456 1243 496 1276 et
532 1241 644 1286 prius
685 1241 792 1277 inter
826 1251 958 1287 genus
999 1245 1039 1278 ct
1078 1243 1367 1280 differentiam.
1420 1245 1695 1283 Continuatio.
1748 1248 1787 1284 ln
1817 1249 1894 1285 lioc

223 1306 476 1342 conveniunt
503 1306 641 1342 omnia
669 1307 777 1351 quod
807 1307 857 1342 de
888 1308 1071 1352 pluribus
1101 1309 1405 1353 praedicantur.
1434 1311 1505 1347 sed
1547 1312 1582 1347 in
1617 1313 1694 1349 hoe
1723 1313 1894 1359 insuper

223 1380 354 1416 genus
382 1374 422 1407 et
450 1371 686 1408 differentia
714 1373 822 1417 quod
851 1373 1065 1409 continent
1093 1374 1284 1411 diversas
1318 1376 1493 1420 species,
1521 1380 1645 1422 atque
1675 1381 1892 1425 utrumque

223 1438 347 1473 habet
376 1438 462 1473 lioc.
516 1438 547 1473 Α
576 1447 715 1474 causa.
769 1438 886 1478 Quod
918 1439 1081 1483 quidem
1115 1440 1334 1485 diligenter
1361 1442 1552 1479 ostendit.
1581 1452 1671 1479 cum
1694 1444 1750 1480 ait
1778 1444 1892 1481 diffe-

222 1503 413 1539 rentiam.
460 1503 618 1539 scilicet
669 1503 934 1540 divisibilem.
974 1505 1138 1549 species
1178 1506 1411 1545 continere,
1452 1507 1529 1543 etsi
1574 1517 1654 1544 non
1695 1511 1753 1545 tot
1793 1512 1891 1555 quot

221 1578 388 1613 genera.
438 1568 576 1604 l'lures
606 1578 679 1613 per
706 1569 927 1614 pauciores
956 1570 1179 1615 distinguit.
1232 1570 1427 1608 Similiter
1454 1573 1560 1609 enim
1590 1574 1773 1610 ostendit
1800 1584 1891 1620 spe-

219 1633 306 1668 cies
342 1633 566 1668 continere.
620 1633 847 1669 Rationale
882 1634 1007 1669 enim.
1062 1634 1170 1670 Vere
1211 1635 1446 1672 differentia
1483 1638 1667 1674 continet
1694 1639 1888 1684 speciem.

219 1696 315 1741 quia
352 1696 556 1733 rationale
593 1697 799 1733 hominem
841 1699 881 1733 et
921 1697 1063 1734 Deum.
1110 1699 1142 1734 A
1177 1701 1294 1743 parte
1331 1700 1593 1737 differentiae
1631 1704 1671 1738 et
1707 1713 1731 1738 a
1771 1707 1888 1748 parte

218 1762 463 1807 specierum.
517 1762 562 1798 E!
603 1773 894 1807 quamdamque
934 1764 1255 1808 ,ni-(uulframur.
1307 1765 1543 1802 praedicari
1580 1769 1622 1803 ut
1656 1778 1788 1813 genus
1825 1771 1888 1805 est

217 1827 450 1872 praedicari
484 1827 523 1863 in
559 1828 666 1872 quid.
695 1828 926 1873 praedicari
965 1831 1007 1864 ut
1043 1829 1279 1866 differentia
1316 1833 1380 1866 est
1417 1832 1649 1876 praedicari
1685 1833 1724 1868 in
1753 1835 1886 1878 quale.

162 1895 177 1919 ‘2
217 1892 317 1928 Cum
346 1893 401 1928 ita
429 1893 632 1929 rationale
661 1893 925 1938 praedicetur
947 1894 985 1930 in
1014 1895 1148 1938 quale.
1176 1898 1216 1931 et
1244 1896 1507 1940 praedicatur
1535 1900 1576 1933 ut
1603 1902 1807 1943 sumptum
1836 1900 1886 1936 de

217 1958 407 1994 rationali
437 1961 477 1994 et
505 1959 555 1994 de
585 1958 723 2003 aliqua
758 1959 991 2004 specierum
1027 1959 1127 1995 eius.
1181 1960 1255 1996 Vel
1293 1961 1365 1997 ita:
1403 1972 1690 2008 quaecumque
1728 1965 1886 2009 praedi—

215 2026 360 2060 cantur
388 2024 438 2060 de
465 2033 622 2069 genere
652 2026 693 2060 ut
719 2034 863 2069 genus.
894 2025 971 2061 hoc
999 2028 1063 2061 est
1091 2025 1157 2062 ita.
1187 2026 1296 2070 quod
1325 2027 1406 2063 sint
1434 2037 1567 2073 genus
1603 2028 1719 2070 illius,
1758 2033 1816 2067 et.
1834 2031 1884 2067 de

214 2090 441 2135 suppositis
469 2090 633 2135 generi;
663 2092 703 2126 et
731 2099 1018 2136 quaecumque
1041 2092 1336 2136 praedicantur
1357 2093 1407 2129 de
1430 2093 1664 2131 differentia
1686 2095 1752 2133 ita.
1775 2097 1883 2141 quod

213 2155 294 2191 sint
309 2155 572 2192 differentiae
589 2155 730 2201 ipsius.
747 2156 1054 2201 quodaminodo
1070 2157 1182 2193 circa
1198 2158 1365 2194 nomina
1381 2159 1677 2204 praedicantur
1692 2161 1815 2198 etiam
1833 2162 1883 2198 de

214 2221 354 2266 specie
376 2221 516 2266 aliqua
537 2221 755 2267 supposita
777 2221 1037 2258 differentiae
1060 2222 1126 2260 ita.
1150 2224 1257 2267 quod
1287 2224 1367 2260 sint
1395 2224 1656 2262 differentiae
1685 2226 1788 2264 eius.
1817 2237 1883 2263 ve-

212 2286 283 2322 luti
307 2286 421 2327 ‚gutia
438 2286 610 2322 ratione·
634 2286 871 2323 differentia
888 2287 1159 2324 accidentalis
1175 2288 1250 2334 [et]
1267 2289 1495 2327 rationalis.
1511 2291 1737 2327 secundum
1757 2293 1883 2328 nomi-

213 2350 421 2387 nationem
452 2351 730 2388 subieetarum
760 2361 896 2388 rerum
926 2352 1134 2398 [quarum]
1163 2353 1340 2390 hominis
1368 2364 1534 2399 quoque
1563 2357 1628 2392 vel
1656 2356 1730 2393 Dei
1769 2358 1882 2394 diffe-

212 2416 344 2451 rentia
372 2417 447 2451 est.
499 2415 578 2452 Sed
609 2416 719 2452 nulla
747 2416 910 2452 videtur
937 2417 1231 2453 convenientia
1258 2418 1366 2454 inter
1386 2428 1519 2465 genus
1541 2422 1582 2456 et
1603 2420 1878 2457 differentiam

211 2490 285 2525 per
311 2481 542 2526 praedicari
571 2481 621 2517 de
649 2491 805 2526 genere
833 2484 875 2517 ut
903 2492 1034 2527 genus
1057 2486 1097 2518 et
1118 2483 1350 2528 praedicari
1373 2485 1423 2520 de
1446 2485 1682 2522 differentia
1704 2489 1745 2522 ut
1766 2487 1880 2523 diffe—

155 2555 183 2577 .:·>·
211 2546 355 2584 rentia.
392 2546 544 2591 quippe
582 2546 692 2582 nulla
726 2546 790 2582 liic
826 2547 1049 2583 similitudo
1077 2549 1244 2593 generis
1272 2552 1312 2585 et
1340 2550 1601 2587 differentiae
1629 2551 1878 2597 assignatur.

211 2611 276 2647 ubi
305 2611 472 2647 diversa
507 2612 811 2656 praedicantur.
865 2612 963 2648 Nam
1003 2613 1097 2649 licet
1137 2614 1370 2658 praedicari
1408 2618 1594 2660 ponatur.
1632 2617 1878 2653 determina-

209 2677 343 2712 tiones
380 2676 622 2721 suppositae
650 2677 984 2713 convenientiam
1016 2678 1171 2714 tollunt.
1209 2679 1313 2715 sicut
1342 2681 1508 2724 quando
1546 2681 1693 2717 dicitur
1720 2685 1875 2721 moveri

350 2816 368 2846 :3
396 2813 662 2854 communibus}
702 2815 905 2848 nominibus·
935 2816 958 2847 ,-1
1088 2818 1103 2847 -1
1140 2817 1304 2849 homines
1341 2818 1450 2848 ιιιηΙΙι·
1477 2817 1581 2850 rmlal.
1612 2818 1768 2853 Boethii,
1803 2829 1875 2852 ono.

205 2874 328 2906 mmm·
404 2875 567 2914 partibus
595 2875 619 2906 A
751 2876 770 2904 11
799 2874 1065 2915 principaliter!
1093 2876 1306 2916 specialiter
1327 2877 1351 2908 ,i
1476 2878 1516 2909 10
1536 2886 1664 2909 sonum
1688 2879 1713 2909 ,1
1788 2887 1874 2918 quo-

206 2934 312 2965 modo
338 2934 364 2966 ,1
471 2934 572 2965 isi-24
596 2933 814 2964 divisibilem
838 2934 998 2973 speciem
1023 2935 1222 2967 continere.
1269 2936 1289 2965 b
1311 2938 1346 2966 et
1369 2937 1492 2975 plures
1516 2945 1581 2976 per
1603 2937 1797 2976 pauciores
1825 2938 1875 2969 di-

205 2993 369 3033 stinguit.
419 2993 608 3025 Rationale
630 2993 735 3024 enim.
779 2993 873 3024 Ycrc
892 2993 1098 3026 differentia
1114 2995 1274 3026 continet
1297 3020 1302 3026 .
1326 3021 1332 3026 .
1357 3021 1362 3026 .
1386 2998 1421 3026 et
1449 3004 1704 3035 quaecumque
1734 2997 1874 3036 praedi—

203 3055 341 3085 cantur.
382 3061 403 3083 (ι
421 3054 522 3084 notat
544 3052 639 3091 quod
661 3061 810 3091 genera.
858 3052 1028 3084 Similiter
1049 3054 1155 3085 enim.
1202 3054 1369 3085 Ostendit
1390 3055 1537 3094 species
1559 3055 1747 3087 continere
1770 3064 1874 3095 prae-

203 3112 315 3143 dicari
339 3114 375 3143 ut
396 3121 512 3151 genus·
530 3111 555 3143 A
641 3112 682 3142 :2⁸
707 3111 978 3151 praedicuntur!
1003 3113 1148 3152 ponitur
1170 3113 1193 3144 .-1
1262 3114 1304 3144 29
1328 3114 1372 3144 sit
1397 3115 1421 3144 .l
1488 3115 1530 3145 :37
1553 3115 1810 3147 convenientia
1832 3116 1871 3148 ,1.

275 3185 388 3212 lleitr.
412 3185 481 3212 xxi.
522 3187 662 3218 (ἔα-γον.
685 3185 853 3211 Almelnrds
877 3185 982 3218 philos.
1004 3185 1164 3211 Selii-iiten.
1715 3197 1721 3213 a
