2200 3387
331 253 399 287 21⁴2
737 253 841 284 Peter
870 252 1070 283 Almolarus
1098 252 1230 293 Logicu
1260 251 1582 291 ‚lngrcdiontil›us·.

331 350 444 386 telis
475 350 727 395 temporibus
757 359 836 384 non
865 349 992 384 fuisse
1027 348 1190 384 videtur
1226 348 1405 384 iuventa.
1444 349 1535 392 post
1573 356 1672 383 vero
1711 349 1876 392 reperta
1913 348 1989 382 est.

331 415 412 451 Sed
440 414 777 459 quaerendum
806 413 976 449 videtur.
1015 413 1219 457 quomodo
1249 413 1281 447 si
1310 412 1398 456 ipse
1427 412 1621 447 nescierit
1649 411 1788 447 circuli
1816 411 1991 455 quadra-

333 481 462 514 turam
491 478 556 513 vel
584 477 663 514 alii,
690 476 841 512 asserit
869 477 919 512 de
954 486 1014 512 ea.
1043 476 1150 520 quod
1180 476 1231 511 sit
1258 475 1420 511 scibilis.
1448 475 1565 519 quasi
1589 484 1679 511 eam
1703 475 1835 510 sciret.
1865 463 1935 510 aut
1956 474 1991 509 si

333 543 421 587 ipse
448 543 514 578 vel
536 542 683 586 aliquis
704 541 808 577 sciat
829 551 932 577 eam.
955 541 1160 585 quomodo
1181 540 1276 576 dicit
1298 541 1386 575 eius
1407 540 1620 576 scientiam
1644 549 1724 575 non
1749 539 1900 576 haberi.
1922 540 1992 574 aut

333 606 366 641 si
394 606 561 642 omnino
589 605 769 641 nondum
799 607 897 640 erat.
933 605 1139 649 quomodo
1173 603 1253 639 iam
1284 603 1436 639 scibilis
1471 606 1570 638 erat.
1623 603 1740 643 Quod
1768 603 1905 647 itaque
1934 602 1990 638 ait
2011 612 2028 634 5

333 671 573 708 Boethius
602 680 693 706 earn
721 670 899 706 nondum
924 679 1019 704 esse
1050 669 1301 709 inventam}
1322 670 1508 713 tempore
1532 668 1836 704 Aristotelis,
1877 667 1917 703 in
1939 676 1990 702 eo

333 736 533 781 accipitur
545 735 653 780 quod
667 735 845 770 nondum
864 735 903 770 in
923 734 1164 770 exercitium
1183 733 1448 769 mensurandi
1462 735 1687 769 venei-atet
1706 733 1830 768 multa
1845 732 1994 777 postea

334 802 385 838 de
407 811 459 838 ea
477 810 552 846 per
566 800 872 845 inquisitionem
888 799 981 834 sciri
1004 799 1212 843 contingit.
1235 808 1342 843 quae
1358 798 1539 834 nondum
1561 798 1808 837 sciebantur,
1825 798 1994 842 propter

336 875 442 912 quae
459 868 597 902 tamen
619 865 698 900 iam
716 864 868 899 scibilis
892 866 990 899 erat.
1014 873 1104 899 cum
1126 863 1306 899 nondum
1322 865 1460 898 tamen
1495 863 1548 898 lla
1569 863 1792 898 haberetur
1809 861 1996 898 scientia.

336 930 506 967 Videtur
533 931 669 966 autem
698 929 757 964 sic
785 928 961 973 probari.
996 928 1104 973 quod
1138 928 1171 963 si
1205 928 1357 964 scibilis
1392 927 1453 964 sit.
1490 927 1663 963 scientia
1700 927 1762 962 sit.
1814 926 1855 962 Si
1883 926 1990 962 enim
2019 933 2048 956 ¹0

335 995 486 1041 aliquid
503 995 597 1031 sciri
613 995 761 1039 potest.
776 1002 850 1038 per
865 993 1080 1029 scientiam
1096 993 1193 1029 sciri
1207 994 1344 1037 potest
1360 994 1400 1028 et
1415 992 1471 1028 ita
1486 1001 1559 1037 per
1574 992 1751 1036 aliquam
1766 991 1996 1027 scientiam.

339 1060 455 1096 Unde
484 1060 523 1095 et
550 1058 687 1103 aliqua
720 1057 892 1093 scientia
927 1059 1064 1101 potest
1099 1057 1194 1092 illud
1231 1056 1586 1101 comprehendere
1623 1058 1663 1091 et
1699 1056 1755 1091 ita
1790 1055 1881 1100 ipsa
1917 1056 1996 1091 est.

339 1124 420 1160 Sed
447 1123 634 1169 profecto
663 1122 836 1167 primam
864 1122 1205 1166 consequentiam
1234 1122 1540 1157 calumniamur.
1591 1120 1715 1156 Multa
1752 1121 1861 1156 enim
1897 1119 1995 1156 sciri

338 1191 514 1235 possunt
541 1197 614 1233 per
640 1188 816 1241 futuram
846 1189 1001 1222 tantum
1035 1187 1260 1222 scientiam.
1298 1195 1403 1230 quac
1432 1186 1613 1222 nondum
1646 1185 1845 1221 scientiae
1862 1187 1998 1220 ‘voca-

340 1254 434 1290 bulo
471 1255 646 1289 tenetur.
684 1262 774 1288 cum
812 1252 979 1287 omnino
1020 1261 1102 1287 non
1142 1251 1204 1287 sit.
1262 1251 1461 1295 Amplius
1496 1251 1718 1286 animam.
1770 1250 1858 1285 Duo
1895 1249 1998 1286 (lixit
2022 1255 2053 1279 ¹7»

341 1319 542 1364 superius.
571 1318 727 1354 scilicet
749 1318 856 1362 quod
885 1317 1028 1353 scibile
1051 1317 1235 1352 destruit.
1265 1317 1339 1352 sed
1366 1326 1447 1351 non
1471 1316 1704 1351 destruitur.
1725 1316 1765 1350 et
1787 1316 2002 1359 utrumque
2030 1322 2040 1329 ·

341 1385 420 1420 iam
449 1383 640 1419 ostendit.
692 1383 807 1418 Nunc
836 1382 983 1418 iterum
1011 1383 1160 1426 probat
1187 1381 1425 1417 secundum.
1459 1381 1510 1416 (le
1539 1390 1618 1425 quo
1655 1380 1835 1416 fortasse
1872 1379 2003 1425 magis

342 1449 613 1488 dubitabatur,
648 1449 726 1483 1100
762 1447 920 1483 scilicet
957 1447 1066 1491 quod
1103 1447 1243 1482 scibile
1281 1456 1362 1497 non
1401 1445 1624 1481 destruitur
1659 1444 1902 1481 necessario
1938 1444 2005 1480 de-

342 1517 497 1551 structa
536 1513 722 1553 scientIa.
763 1513 871 1557 quod
912 1512 1104 1547 videlicet
1140 1520 1360 1547 remanere
1398 1513 1535 1555 potest
1572 1510 1783 1546 destructa
1818 1508 2003 1545 scientia.

343 1579 460 1620 Quod
489 1579 549 1615 sic
576 1580 794 1614 monstrat:
830 1577 1040 1613 destructo
1069 1577 1237 1612 animali
1264 1576 1487 1611 destruitur
1514 1575 1697 1611 sclentia.
1726 1575 1803 1610 hoc
1831 1576 1896 1610 est
1921 1583 2004 1609 non
2025 1587 2059 1611 20

344 1646 481 1690 potest
515 1653 610 1680 esse
645 1643 830 1680 scientia.
865 1643 921 1678 ita
954 1642 1062 1687 quod
1100 1644 1180 1678 non
1215 1641 1266 1677 sit
1300 1641 1462 1677 animal.
1516 1641 1631 1680 Quod
1672 1639 1896 1685 praemittit
1932 1639 2003 1687 ipi:

343 1710 531 1745 animali
558 1708 727 1754 quidem
759 1710 833 1743 etc.
887 1706 967 1743 Sed
996 1707 1204 1742 destructo
1232 1706 1398 1742 animali
1427 1707 1563 1750 potest
1596 1714 1813 1741 remanere
1850 1704 2004 1743 scibile.

344 1775 452 1820 quod
481 1776 545 1810 est
571 1773 643 1809 ibi:
671 1773 890 1809 Scibilz'um
924 1782 1018 1807 vero
1046 1773 1240 1817 plurima
1270 1782 1353 1807 esse
1379 1771 1599 1813 conlinm't,
1626 1770 1704 1805 hoc
1732 1771 1795 1805 est
1817 1770 1933 1814 plura
1954 1769 2006 1805 de

344 1849 514 1877 numero
551 1838 749 1875 scibilium
791 1839 966 1883 possunt
1005 1846 1100 1873 esse
1141 1837 1350 1872 destructo
1391 1836 1567 1871 animali.
1621 1835 1757 1875 Quare
1798 1835 2008 1870 destructa

345 1905 519 1941 scientia
544 1913 763 1940 remanere
791 1904 929 1948 potest
962 1902 1116 1938 scibile.
1169 1902 1283 1937 Hanc
1321 1901 1631 1937 conclusionem
1667 1902 1797 1936 extra.
1847 1899 2005 1944 Regula
2025 1910 2059 1934 25

346 1980 446 2007 vero
475 1968 775 2014 complexionis
804 1968 921 2004 huius
949 1968 1041 2003 talis
1074 1969 1150 2003 est.
1185 1967 1293 2011 quod
1330 1975 1418 2002 cum
1457 1966 1608 2010 aliquid
1645 1966 1898 2001 destructum
1938 1964 2006 1999 de-

201 2051 221 2080 1,
251 2049 318 2081 281>
345 2038 477 2072 struat
505 2034 658 2079 aliquid
687 2037 726 2070 et
754 2032 1063 2078 aliquid·p0ssit
1091 2042 1186 2068 esse
1214 2032 1303 2067 sine
1331 2032 1611 2075 destruentel
1635 2031 1743 2067 idern
1772 2031 1910 2074 potest
1937 2038 2006 2064 ex-

347 2101 472 2136 istere
502 2100 591 2136 sine
619 2100 841 2135 destructo.

490 2165 655 2201 Occurit
682 2163 930 2208 quaestio.
960 2172 1087 2207 quare
1116 2162 1224 2197 (licat
1252 2163 1465 2206 perempto
1494 2160 1661 2196 animali
1682 2159 1898 2195 scientiam
1918 2168 2009 2203 per-

348 2240 518 2267 manere
552 2239 634 2265 non
672 2238 809 2273 posse.
844 2238 935 2264 cum
963 2227 1157 2263 videlicet
1194 2227 1368 2262 scientia
1405 2226 1443 2261 in
1481 2225 1647 2261 animali
1684 2234 1766 2260 non
1802 2223 2006 2263 fundatur,
2027 2233 2062 2257 30

349 2297 423 2332 sed
453 2296 490 2331 in
528 2294 666 2330 anima
699 2296 867 2330 tantum.
903 2303 1054 2337 corpus
1092 2294 1229 2328 tamen
1268 2292 1426 2328 dicatur
1459 2300 1534 2335 per
1574 2300 1664 2326 eam
1705 2289 1930 2325 animatum
1971 2290 2011 2324 et

350 2371 438 2397 cum
471 2361 591 2396 etiam
621 2361 782 2395 constet
809 2359 970 2394 animas
999 2357 1152 2393 carnali
1182 2357 1288 2392 mole
1327 2359 1475 2392 exutas
1515 2355 1790 2400 promptiores
1827 2363 1923 2390 esse
1958 2353 2011 2389 ad

351 2424 576 2465 sciendum,
605 2434 724 2469 quam
754 2433 861 2459 nunc
889 2424 980 2459 sint.
1004 2423 1098 2459 dum
1120 2423 1344 2458 tenebroso
1367 2430 1536 2457 carcere
1558 2419 1744 2465 corporis
1767 2418 2010 2455 obfuscante

351 2491 459 2526 illam
488 2489 703 2525 scientiam
733 2488 1042 2533 peripateticam
1072 2496 1193 2531 quam
1223 2487 1333 2530 prius
1357 2486 1598 2521 habuerunt.
1621 2484 1802 2520 maxima
1822 2483 1872 2519 de
1894 2484 2011 2527 parte

352 2556 431 2591 iam
460 2554 694 2590 amiserunt.
748 2553 826 2589 Sed
856 2552 1036 2588 fortasse
1065 2552 1141 2587 hoc
1179 2552 1269 2587 loco
1307 2560 1389 2586 non
1426 2550 1558 2594 ipsam
1596 2549 1758 2585 animae
1795 2547 2009 2584 scientiam
2031 2555 2065 2580 :³5

353 2620 502 2664 accipit
529 2629 650 2664 quam
672 2619 797 2654 habet
818 2627 870 2653 ex
894 2617 1069 2653 naturali
1091 2617 1263 2657 ratione,
1286 2616 1360 2652 sed
1382 2615 1623 2651 exercitium
1646 2614 1742 2649 illud
1765 2623 1846 2658 quo
1867 2612 2013 2648 notitia

354 2694 488 2721 rerum
518 2693 592 2729 per
619 2693 767 2719 sensus
794 2683 1059 2718 ministratur.
1111 2681 1303 2717 Fortasse
1331 2680 1454 2716 etiam
1487 2680 1591 2715 haec
1617 2679 1693 2714 fuit
1720 2677 2011 2714 Aristotelis

355 2749 573 2785 sententia.
601 2751 644 2783 ut
671 2748 938 2783 animae.nec
967 2750 1062 2783 ante
1090 2755 1267 2790 corpora
1293 2754 1371 2780 nec
1398 2746 1491 2789 post
1519 2753 1569 2779 ea
1590 2743 1845 2788 permanent.
1896 2742 2014 2777 quta

356 2814 463 2859 quod
490 2814 670 2850 fortasse
694 2812 1008 2848 Chalciclius²
1035 2812 1187 2847 asserit
1213 2810 1536 2846 Aristotelem
1566 2818 1646 2844 non
1669 2810 1812 2852 putare
1834 2807 2013 2843 animam

498 2920 555 2951 3-4
585 2920 614 2951 si
642 2916 737 2959 ipse]
760 2918 825 2950 sub
848 2918 873 2949 .-1
953 2918 994 2948 ‘223
1026 2926 1056 2956 p.
1080 2928 1099 2947 e
1126 2925 1204 2947 0011.
1232 2916 1260 2947 A
1338 2916 1378 2946 :54
1409 2914 1560 2946 scientie
1581 2914 1609 2945 A
1664 2922 1730 2953 per
1755 2912 1963 2953 ipateticam
1983 2910 2012 2942 A

359 2977 481 3018 quam]
510 2978 604 3018 quod
632 2978 659 3009 A
761 2978 803 3007 :50
831 2975 968 3015 Chalc]
996 2976 1148 3007 callidus
1176 2975 1202 3006 ,1

499 3048 508 3068 ¹
538 3048 686 3079 Boeth.
701 3048 721 3079 I.
739 3056 776 3083 0.,
792 3056 824 3087 p.
839 3049 900 3078 3:31
922 3047 958 3078 C.
1051 3046 1065 3066 '-'
1086 3046 1140 3076 Ch
1153 3046 1360 3081 alcidius,
1377 3043 1547 3075 Platonis
1562 3043 1735 3074 Timaeus
1750 3042 1804 3074 ed.
1821 3041 2013 3077 Wrobel,

363 3107 507 3147 Lipsiae
532 3107 631 3138 1⁸76.
661 3116 692 3145 p.
713 3106 789 3138 2152.
807 3106 860 3136 63.
903 3106 952 3136 (Ὺ.
977 3106 1015 3136 Α,
1040 3105 1302 3136 Schneider.
1331 3103 1397 3134 Dio
1423 3101 1744 3134 (tbemlliindische
1766 3100 2014 3140 Spelsulatz‘on

359 3166 423 3199 cles
443 3165 693 3202 XII.-Jc1hrl1.,
722 3165 884 3197 Miinster
908 3165 995 3196 1915
1023 3164 1208 3205 (b'eitrage
1235 3162 1336 3200 XVII,
1366 3164 1412 3201 4),
1440 3162 1472 3194 S.
1502 3162 1554 3194 54.
