2200 3387
155 912 186 936 10

150 1230 180 1254 15

145 1554 180 1579 20

140 2210 175 2235 30

140 2535 174 2559 35

526 221 552 251 l.
583 220 646 251 llic
674 220 829 252 tilossen
859 229 901 251 zu
931 220 1162 260 Porphyrius.
1194 237 1230 239 a.
1264 222 1315 252 lle
1343 222 1562 254 differentia.
1837 221 1881 255 ³57

212 316 356 352 rentia.
385 315 418 351 si
449 316 539 360 ipsa
567 326 731 361 quoque
759 316 1035 352 differentiam
1067 317 1219 352 babeat
1241 327 1321 361 qua
1349 319 1400 352 ab
1429 318 1509 353 alia
1537 319 1734 363 qualitate
1763 329 1881 364 sepa-

212 382 334 416 ratur.
372 382 412 415 et
449 389 590 415 rursus
629 379 718 424 ipsa
758 379 993 415 differentia
1033 381 1324 416 rationalitatis
1365 382 1484 416 simili
1526 382 1686 418 ratione
1727 383 1880 418 habere

210 444 484 480 differentiam
508 444 741 481 conveniat.
770 445 807 479 in
832 444 1031 480 infinitum
1057 445 1160 480 ratio
1190 446 1386 490 procedit.
1417 449 1457 481 ut
1480 457 1699 492 numquam
1724 448 1881 483 scilicet

211 508 370 544 interea
397 517 531 544 rerum
555 508 881 543 differentiarum
911 508 1112 544 terminus
1137 512 1338 544 occurrat.
1379 510 1599 554 Amplius
1621 520 1711 546 cum
1734 521 1879 547 omnes

209 573 467 609 differentias
489 572 710 617 qualitates
733 582 829 608 esse
851 573 1077 609 auctoritas
1106 576 1265 609 astruat
1286 577 1410 618 atque
1443 574 1480 610 in
1511 575 1636 610 libro
1666 575 1879 611 Divisio-

209 642 341 674 num¹
365 638 515 674 dictum
538 638 589 673 sit
610 647 732 673 omne
754 647 887 682 genus
914 638 952 673 in
977 641 1125 674 natura
1146 639 1307 674 duabus
1330 639 1553 684 speciebus
1569 641 1878 684 comprehendi.

208 704 371 747 oportet
393 702 468 737 sub
481 701 679 746 qualitate
696 712 792 737 esse
811 702 1053 738 naturalIter
1069 703 1172 738 duas
1189 703 1365 747 species.
1390 713 1497 748 quae
1514 713 1605 739 eam
1623 704 1879 740 sufficienter

207 767 404 803 dividunt.
458 768 574 807 Quae
596 767 760 811 quidem
784 767 948 812 species
971 777 1062 803 cum
1086 768 1345 804 differentias
1363 769 1553 808 babeant.
1571 779 1674 813 quas
1698 770 1878 813 etquali-

206 834 313 868 tates
336 842 432 868 esse
454 832 660 870 convenit.
689 833 819 868 restat
841 833 1072 877 quaestio
1098 833 1149 869 de
1178 833 1424 869 differentiis
1447 833 1642 878 ipsarum.
1669 835 1876 878 quomodo

207 898 282 933 sub
305 897 406 942 ipsis
434 897 656 942 speciebus
679 906 850 941 quarum
879 900 973 933 sunt
995 898 1269 936 differentiae.
1292 899 1593 935 contineantur.
1646 900 1745 934 Cum
1768 900 1876 935 enim

204 962 369 1007 species
392 962 509 1007 ipsae
531 962 771 1006 qualitatem
792 962 1050 998 sufficienter
1065 963 1260 1001 dividant.
1278 964 1387 999 nulla
1403 964 1581 1008 qualitas
1598 967 1662 1000 est
1677 974 1784 1009 quae
1801 965 1876 1000 sub

203 1027 342 1071 aliqua
357 1027 514 1063 illarum
533 1037 614 1063 non
637 1027 770 1063 cadat.
792 1027 1005 1063 Ponamus
1028 1028 1166 1072 itaque
1189 1029 1342 1073 primas
1365 1029 1530 1074 species
1547 1030 1756 1074 qualitatis
1772 1029 1875 1066 duas

202 1102 227 1128 a
255 1094 296 1128 et
324 1093 358 1129 b.
387 1094 428 1128 et
450 1092 666 1128 videamus
688 1093 739 1128 de
762 1093 997 1129 differentia
1019 1093 1124 1128 illius
1147 1094 1303 1138 speciei
1325 1104 1433 1138 quae
1453 1096 1516 1130 est
1536 1105 1572 1132 a.
1596 1097 1728 1130 utrum
1751 1095 1876 1139 quali-

203 1158 311 1192 tates
333 1156 556 1195 contineat.
579 1166 687 1201 quae
709 1158 865 1192 tantum
888 1159 983 1192 sunt
1005 1157 1080 1193 sub
1103 1167 1128 1193 a
1143 1158 1208 1193 vel
1225 1160 1380 1193 tantum
1404 1159 1478 1194 sub
1502 1159 1525 1193 b
1542 1158 1607 1194 vel
1624 1159 1769 1203 partim
1799 1160 1875 1194 sub

203 1231 227 1257 a
249 1221 397 1266 partim
420 1222 496 1257 sub
519 1222 554 1257 b.
591 1221 748 1262 Quodsi
769 1223 844 1258 sub
867 1232 891 1258 a
912 1232 1083 1267 prorsus
1111 1224 1413 1261 contineantur.
1442 1224 1478 1259 id
1503 1220 1566 1259 es't
1588 1224 1721 1259 omnis
1749 1224 1875 1269 quali-

202 1289 266 1322 tas
288 1296 396 1331 quae
418 1288 482 1322 est
503 1297 538 1325 a.
567 1287 760 1323 informet
781 1287 959 1332 aliquam
981 1297 1083 1323 suae
1106 1288 1379 1327 differentiae.
1402 1290 1588 1333 profecto
1611 1291 1652 1325 et
1672 1299 1740 1325 res
1761 1289 1874 1334 ipsas

202 1352 464 1388 differentiae
508 1362 554 1388 se
587 1353 688 1397 ipsis
725 1353 814 1394 <in>
843 1353 1044 1389 infinitum
1083 1353 1295 1389 informari
1341 1354 1551 1399 contingit.
1604 1354 1761 1394 Quodsi
1806 1364 1874 1391 res

202 1417 463 1453 differentiae
491 1428 515 1453 a
542 1418 618 1453 sub
648 1419 671 1453 b
700 1420 740 1454 et
768 1419 791 1453 b
820 1419 896 1454 sub
923 1428 949 1454 a
982 1421 1199 1463 ponantur.
1233 1421 1398 1463 oportet
1435 1421 1651 1464 utramque
1689 1421 1873 1465 speciem

201 1482 332 1518 altera
360 1482 605 1518 naturaliter
633 1482 811 1527 priorem
840 1492 936 1518 esse
965 1484 1005 1518 et
1032 1483 1317 1527 posteriorem.
1370 1484 1471 1519 Cum
1494 1484 1516 1519 b
1546 1484 1653 1519 enim
1683 1485 1795 1529 prior
1821 1484 1874 1520 sit

201 1547 445 1583 naturaliter
472 1547 707 1583 differentia
744 1558 767 1583 a
805 1549 1013 1593 tamquam
1052 1558 1128 1584 sua
1165 1549 1331 1593 species
1365 1551 1405 1585 et
1446 1549 1536 1594 ipsa
1576 1559 1718 1585 rursus
1759 1550 1873 1586 diffe-

199 1613 333 1649 rentia
360 1612 412 1648 sit
438 1613 552 1657 prior
578 1623 603 1648 a
631 1613 884 1650 naturaliter.
912 1614 975 1649 cui
1004 1623 1098 1650 esse
1128 1615 1299 1653 confert.
1337 1617 1501 1660 oportet
1530 1616 1552 1651 b
1581 1625 1746 1660 quoque
1775 1626 1871 1652 esse

199 1677 379 1722 priorem
407 1687 432 1712 a
460 1677 703 1713 naturaliter
730 1680 770 1713 et
798 1678 918 1713 simili
955 1678 1116 1714 ratione
1151 1688 1176 1714 a
1212 1689 1356 1715 rursus
1394 1688 1488 1715 esse
1527 1679 1706 1724 priorem
1743 1681 1778 1715 b.
1831 1680 1870 1716 Si

199 1751 300 1778 vero
327 1752 408 1780 res.
445 1752 548 1787 quas
577 1743 762 1779 continet
797 1743 917 1779 huius
946 1744 1102 1788 speciei
1131 1744 1366 1780 differentia
1404 1754 1511 1789 quae
1546 1747 1611 1781 est
1649 1755 1684 1782 a.
1723 1745 1870 1790 partim

199 1808 274 1843 sub
317 1818 341 1844 a
387 1818 590 1853 ponamus
627 1809 774 1853 partim
821 1809 896 1844 sub
938 1810 960 1844 b
1001 1811 1071 1845 aut
1111 1810 1370 1846 differentias
1410 1810 1619 1855 qualitatis
1663 1811 1739 1846 sub
1779 1811 1870 1847 aliis

163 1887 177 1908 a
198 1873 548 1918 praedicamentis
570 1883 785 1919 ponamus.
808 1874 972 1910 solitum
989 1875 1040 1911 de
1062 1875 1265 1911 infinitate
1288 1875 1590 1911 inconveniens
1612 1876 1869 1912 incurrimus.

197 1938 381 1974 Dicimus
422 1938 562 1983 itaque
608 1939 721 1975 solas
762 1939 928 1984 species
982 1939 1242 1975 substantiae
1282 1949 1335 1975 ex
1376 1940 1624 1976 differentiis
1664 1943 1869 1979 constare.

198 2003 311 2049 ipsas
339 2006 477 2040 autem
507 2004 766 2040 differentias
794 2004 884 2040 sive
906 2014 974 2040 res
997 2007 1230 2041 ceterorum
1251 2005 1684 2050 praedicamentorum
1708 2006 1747 2042 in
1770 2007 1870 2051 ipsis

196 2068 393 2104 essentiis
421 2078 502 2104 non
532 2069 925 2113 supervenientibus
947 2069 1037 2105 aliis
1059 2069 1303 2106 differentiis
1326 2080 1422 2106 esse
1445 2071 1645 2107 diversas.
1698 2071 1737 2107 Si
1761 2072 1867 2107 enim

197 2133 457 2170 rationalitas
484 2133 659 2169 formam
688 2134 862 2170 haberet
889 2144 996 2179 quae
1026 2134 1115 2170 eius
1145 2136 1371 2171 essentiam
1399 2136 1637 2174 conficeret.
1662 2137 1666 2181 Ι
1690 2147 1762 2173 cur
1787 2147 1867 2173 non

195 2199 287 2244 ipsa
313 2208 478 2244 quoque
506 2199 660 2235 homini
696 2200 982 2236 substantialis
1019 2202 1143 2238 esset.
1180 2201 1232 2236 ad
1273 2201 1389 2237 cuius
1425 2202 1699 2239 substantiam
1738 2204 1864 2240 confi-

195 2264 384 2300 ciendam
413 2265 504 2310 ipsa
530 2274 696 2310 quoque
724 2266 839 2301 esset
866 2265 1135 2302 necessaria?
1170 2266 1222 2302 At
1246 2276 1347 2302 vero
1370 2267 1628 2304 diversorum
1658 2279 1868 2313 generum.

195 2331 238 2365 ut
258 2330 467 2374 qualitatis
490 2332 531 2366 et
551 2330 823 2369 substantiae.
846 2331 1020 2367 eaedem
1043 2333 1149 2368 teste
1163 2332 1470 2368 Aristotele-¹
1486 2333 1749 2370 differentiae
1771 2344 1867 2371 esse

195 2405 277 2431 non
305 2398 490 2440 possunt.
544 2395 662 2436 Quod
691 2398 829 2434 autem
858 2396 1005 2432 dicitur
1032 2397 1166 2433 omnis
1195 2398 1358 2442 species
1393 2399 1548 2435 habere
1576 2399 1867 2438 differentiam.

194 2461 246 2496 ad
285 2461 494 2497 manerias
534 2461 766 2506 specierum
815 2462 1077 2498 referendum
1116 2465 1190 2500 est.
1237 2473 1318 2499 non
1360 2464 1411 2499 ad
1457 2464 1643 2510 singulas
1689 2465 1866 2510 species

195 2526 346 2571 quippe
375 2528 416 2562 et
452 2526 720 2563 subalternae
756 2527 834 2563 hoc
867 2527 1023 2563 habent
1059 2530 1099 2563 et
1136 2529 1474 2573 specialissimae.
1528 2530 1644 2570 Quod
1674 2530 1867 2566 Aristo-

194 2591 322 2628 teles
355 2591 615 2628 diversorum
650 2601 861 2636 generum.
897 2595 938 2628 ut
977 2593 1168 2629 animalis
1208 2596 1249 2630 et
1285 2595 1500 2633 scientiae.
1541 2595 1730 2631 diversas
1770 2605 1866 2632 esse

193 2655 451 2692 differentias
468 2656 576 2692 dicit.
599 2656 794 2701 negative
817 2657 1104 2702 accipiendum
1128 2660 1202 2695 est.
1225 2658 1304 2694 hoc
1324 2662 1436 2700 <eso
1459 2669 1541 2694 non
1564 2669 1660 2695 esse
1683 2660 1865 2699 easdem.

193 2720 303 2765 quod
331 2720 495 2765 quidem
526 2730 600 2756 suo
630 2720 720 2756 loco
749 2721 1067 2758 convenientius
1095 2722 1366 2758 ostendemus
1381 2727 1405 2758 ³⁵.

338 2850 379 2880 15
407 2849 508 2884 Quae
537 2849 604 2879 sub
633 2858 653 2880 a
682 2858 833 2889 prorsus
861 2849 1115 2881 contineantur
1147 2851 1264 2881 omnis
1300 2851 1331 2881 id
1367 2853 1422 2882 est
1451 2852 1609 2891 qualitas
1638 2861 1732 2892 quae
1761 2856 1815 2884 est
1844 2862 1865 2885 a

194 2892 349 2941 informe
376 2908 535 2947 aliquam
555 2907 626 2939 ...l
754 2909 798 2940 23
827 2906 934 2948 quas!
964 2918 1070 2947 quam
1099 2910 1124 2941 ,l
1241 2911 1283 2941 :27
1313 2908 1419 2950 ipsis]
1447 2911 1537 2942 situs
1568 2911 1593 2941 ,Ι
1708 2912 1751 2943 29
1779 2921 1864 2944 csse

193 2976 263 2999 non
293 2976 391 3007 poss.
420 2968 440 2998 2
463 2967 500 3004 ><
524 2967 560 2998 in
586 2967 612 2998 A

336 3043 345 3065 ¹
376 3044 535 3078 Boeth..
559 3043 634 3075 Lib.
651 3043 694 3074 de
709 3043 782 3075 (liv.
801 3043 854 3075 PL
871 3044 925 3079 64,
946 3045 1013 3076 877
1029 3045 1065 3076 C.
1171 3044 1185 3065 ‘-'
1213 3045 1371 3078 Boetli..
1393 3046 1431 3077 1η
1450 3047 1573 3087 saloy.
1591 3047 1612 3078 I.
1629 3056 1667 3083 r..
1692 3056 1724 3087 p.
1746 3048 1808 3079 177
1822 3047 1862 3079 Α.

333 3103 348 3124 ³
375 3103 426 3135 Cf.
456 3104 559 3135 iufra
588 3103 707 3135 Gloss.
736 3112 852 3144 super
878 3103 1044 3136 I'raedic.
1073 3105 1117 3136 ad
1147 3114 1179 3145 p.
1212 3105 1274 3137 177
1292 3105 1332 3137 A.

1892 2208 1913 2239 f.
1947 2210 2018 2240 131·
