2200 3387
310 239 377 275 252
710 239 819 274 Peter
844 240 1049 273 Abaelards
1075 239 1211 281 Logica
1238 237 1563 280 ‚Ingredientibus‘.

453 338 534 375 Sed
561 347 670 373 nunc
691 337 857 382 quidem
885 336 935 373 de
962 336 1132 373 facere
1162 338 1201 372 et
1228 336 1331 381 pati
1352 335 1526 380 primum
1549 334 1803 371 disseramus
1825 335 1866 370 et
1892 333 1976 371 dili-

311 405 457 449 genter
494 412 631 438 rerum
671 403 853 440 naturas.
893 410 1000 447 quae
1040 401 1148 437 actio
1190 402 1229 437 et
1271 400 1412 446 passio
1453 400 1652 441 dicuntur,
1697 399 1976 444 inspiciamus.

311 468 428 504 Actio
455 477 635 513 namque
664 470 704 504 et
731 467 872 512 passio
901 467 981 503 duo
1009 468 1102 502 sunt
1123 476 1279 512 genera
1300 465 1556 502 continentia
1575 474 1643 501 res
1665 474 1810 501 omnes
1831 465 1978 500 horum

312 532 485 569 duorum
512 532 956 578 praedicamentorum.
990 540 1064 577 pro
1093 531 1240 576 quibus
1276 531 1310 566 si
1346 530 1486 566 facere
1523 532 1564 566 et
1599 530 1683 575 pati
1719 529 1978 566 substantive

314 600 532 643 ponantur,
560 598 614 633 nil
636 597 817 642 impedit,
841 597 945 632 sicut
968 597 1110 641 ,quale‘
1133 605 1207 641 pro
1235 595 1435 641 ,qualitas‘
1458 595 1524 631 vel
1548 595 1706 636 ,album‘
1729 595 1978 640 quandoque
1999 599 2014 625 5

311 672 385 708 pro
421 663 605 700 ,albedo‘.
658 661 739 698 Sed
774 671 826 698 ne
866 661 1043 697 nominis
1078 670 1195 697 error
1233 670 1310 697 nos
1350 661 1496 701 turbet,
1534 660 1865 705 praenotandum
1903 660 1978 701 est,

312 727 421 772 quod
454 727 531 763 hoc
568 736 720 763 nomen
774 726 903 763 ,acuo-
952 725 1190 771 simpliciter
1229 725 1360 770 accipi
1399 725 1571 766 videtur,
1610 724 1652 760 in
1691 723 1979 770 designatione

312 792 471 829 scilicet
496 802 645 829 rerum.
673 791 901 827 secundum
929 800 1032 835 quas
1059 790 1246 826 subiecta
1273 790 1462 826 dicuntur
1488 790 1666 835 agentia,
1693 791 1737 825 ut
1758 790 1822 825 est
1842 789 1981 825 ambu-

312 857 409 894 latio
438 867 544 903 quae
572 857 670 893 facit
697 857 988 894 ambulantem.
1016 855 1139 892 lectio
1167 855 1385 901 legentem.
1438 855 1581 891 Passio
1603 865 1704 891 vero
1728 855 1808 891 hoc
1828 863 1981 890 nomen

310 922 451 968 plures
487 922 613 958 habet
653 921 992 967 significationes,
1030 921 1126 966 quia
1161 920 1302 957 modo
1335 920 1376 956 in
1413 920 1702 966 designatione
1740 919 1981 965 qualitatum
2002 921 2035 947 10

312 987 572 1033 quarundam
600 987 783 1027 sumitur,
813 995 915 1030 quas
945 986 1110 1030 quidem
1138 986 1358 1031 qualitates
1387 986 1508 1022 simul
1543 995 1634 1022 cum
1671 984 1859 1031 passibili
1885 993 1982 1030 qua-

310 1051 423 1088 litate
451 1051 615 1087 tertium
637 1060 769 1096 genus
792 1050 1000 1095 qualitatis
1021 1050 1200 1093 includit,
1228 1050 1371 1086 modo
1394 1050 1434 1085 in
1457 1050 1748 1096 designatione
1768 1049 1982 1085 cuiusdam

311 1116 487 1152 actionis
500 1115 741 1161 passionem
760 1114 957 1156 inferens,
979 1124 1005 1151 a
1025 1124 1106 1160 qua
1126 1117 1332 1160 sumptum
1354 1117 1416 1151 est
1438 1115 1593 1160 ,patior,
1614 1115 1781 1160 pateris‘
1798 1115 1981 1155 verbum,

311 1191 404 1218 cum
431 1181 577 1217 dicitur
605 1180 751 1225 ,patior
772 1184 961 1221 crucem‘,
988 1180 1029 1216 id
1050 1182 1113 1216 est
1135 1180 1277 1221 ,tolero
1300 1184 1488 1221 crucem‘,
1511 1189 1617 1225 quae
1639 1189 1664 1216 a
1684 1189 1749 1216 me
1771 1179 1981 1215 toleratur.

310 1245 477 1282 Tertio
510 1245 651 1282 modo
678 1245 821 1290 passio
849 1245 1022 1281 sumitur
1048 1245 1089 1280 in
1116 1244 1405 1290 designatione
1432 1254 1572 1280 rerum
1607 1245 1732 1281 totius
1768 1243 2036 1289 praedica-1⁵

310 1311 438 1347 menti
464 1311 560 1356 pati,
589 1320 696 1355 quae
725 1310 891 1355 quidem
918 1319 986 1346 res
1015 1319 1182 1355 semper
1203 1319 1256 1346 ex
1277 1310 1509 1346 actionibus
1530 1309 1761 1345 inferuntur
1783 1310 1823 1345 et
1843 1308 1982 1345 verbis

311 1374 491 1420 passivis
521 1374 803 1420 designantur.
855 1372 955 1409 Cum
984 1373 1094 1409 enim
1126 1373 1220 1419 lego
1253 1373 1412 1415 librum,
1448 1373 1489 1409 in
1525 1382 1592 1409 me
1629 1373 1694 1418 qui
1731 1373 1838 1419 lego,
1874 1371 1982 1409 actio

312 1440 376 1474 est
401 1438 537 1479 lectio,
565 1447 673 1483 quae
699 1446 764 1473 me
792 1438 1000 1483 legentem
1027 1436 1136 1479 facit,
1164 1437 1205 1473 in
1231 1437 1335 1473 libro
1357 1446 1458 1473 vero
1480 1436 1634 1482 passio,
1661 1436 1770 1472 unde
1791 1436 1882 1481 ipse
1902 1435 1984 1482 legi

312 1503 470 1544 dicitur,
499 1504 540 1539 et
567 1503 672 1539 sicut
700 1502 814 1548 lego,
842 1502 970 1548 legis‘,
999 1502 1179 1538 activum
1206 1503 1390 1543 verbum,
1419 1503 1625 1547 sumptum
1655 1502 1719 1537 est
1744 1511 1769 1537 a
1803 1500 1983 1537 lectione

312 1567 489 1609 actione,
517 1567 574 1603 ita
602 1567 740 1613 ,legor,
768 1566 932 1612 legeris‘
960 1566 1175 1611 passivum
1202 1576 1227 1602 a
1252 1566 1432 1602 lectione
1459 1565 1676 1611 passione;
1712 1574 1790 1601 nec
1817 1564 1982 1610 quidem
2002 1571 2037 1597 20

311 1632 453 1678 passio
480 1631 716 1668 huiusmodi
743 1631 832 1667 sine
861 1631 1025 1667 actione
1053 1632 1192 1676 potest
1231 1640 1336 1673 esse,
1374 1631 1481 1667 actio
1518 1640 1620 1667 vero
1657 1630 1747 1667 sine
1783 1629 1983 1676 passione

311 1697 521 1743 contingit.
572 1696 673 1733 Nam
700 1696 848 1738 ridere,
886 1696 1066 1732 dormire
1093 1696 1303 1732 actionum
1331 1695 1595 1742 designativa
1621 1697 1727 1737 sunt,
1755 1704 1862 1741 quae
1891 1704 1985 1741 pas-

312 1762 454 1798 siones
482 1771 566 1798 non
592 1760 774 1797 inferunt
793 1763 918 1806 atque
946 1761 1039 1797 ideo
1062 1761 1234 1797 abusive
1257 1761 1445 1797 dicuntur
1466 1761 1665 1803 actiones,
1694 1761 1860 1797 ceterae
1881 1769 1983 1796 vero

311 1828 578 1863 transeuntes
611 1826 811 1868 dicuntur,
846 1836 954 1871 quae
993 1826 1152 1863 scilicet
1190 1826 1413 1871 passiones
1452 1826 1644 1867 inferunt,
1685 1826 1791 1862 sicut
1829 1835 1983 1867 amare,

310 1890 463 1936 legere,
501 1899 555 1926 ex
582 1899 662 1935 quo
691 1890 843 1935 aliquid
881 1890 1012 1926 amari
1047 1890 1115 1926 vel
1149 1890 1231 1936 legi
1268 1889 1479 1936 contingit.
1531 1889 1592 1926 De
1632 1890 1778 1935 quibus
1819 1889 1984 1935 quidem
2003 1894 2039 1920 25

312 1955 590 2001 passionibus,
624 1955 747 1991 illatis
783 1955 941 1991 scilicet
967 1956 1019 1991 ab
1056 1955 1299 1996 actionibus,
1337 1955 1458 1991 nobis
1494 1955 1573 1991 hoc
1608 1955 1700 1991 loco
1737 1955 1789 1991 ad
1823 1954 1986 2000 praedi-

312 2021 491 2057 camenti
519 2020 813 2057 discretionem
840 2020 1048 2066 agendum
1075 2022 1149 2056 est.
1202 2019 1304 2056 Sunt
1340 2020 1480 2065 itaque
1517 2020 1624 2056 actio
1663 2021 1704 2056 et
1738 2019 1881 2065 passio
1917 2029 1985 2056 res

311 2085 577 2122 transitoriae
597 2085 701 2121 sicut
722 2087 922 2130 tempora,
946 2087 986 2121 et
1008 2085 1114 2121 sicut
1134 2086 1324 2130 tempora
1345 2085 1550 2130 quaedam
1569 2084 1835 2121 indivisibilia
1857 2083 1984 2130 [sunt]

313 2149 506 2191 existunt,
535 2150 742 2194 quaedam
770 2149 1002 2194 composita
1029 2149 1311 2195 intelliguntur
1338 2158 1392 2185 ex
1426 2149 1614 2194 partibus
1651 2148 1984 2185 succedentibus,

313 2214 374 2250 sic
402 2215 526 2250 etiam
554 2214 741 2250 actiones
770 2216 811 2251 et
837 2214 1070 2259 passiones.
1121 2214 1222 2250 Nam
1250 2213 1410 2250 instans
1442 2214 1563 2250 lect10
1590 2213 1849 2250 indivisibilis
1877 2222 1983 2259 quae
2004 2223 2039 2250 30

313 2279 648 2325 praesentialiter
683 2280 724 2315 in
764 2288 829 2315 me
858 2281 932 2321 est,
971 2289 1053 2315 una
1079 2279 1247 2325 proprie
1280 2289 1349 2315 res
1386 2278 1482 2325 [est]
1518 2279 1560 2315 in
1595 2280 1745 2315 natura
1779 2278 1987 2315 veraciter

314 2344 465 2380 existit.
516 2343 577 2380 Ex
603 2344 681 2380 hac
709 2345 848 2380 autem
875 2344 1014 2380 statim
1040 2344 1221 2380 lectione
1248 2346 1289 2380 et
1316 2344 1397 2380 alia
1422 2343 1593 2380 instanti
1620 2352 1726 2389 quae
1761 2343 1841 2380 iam
1868 2352 1987 2388 prae-

314 2409 436 2445 terita
463 2411 538 2451 est,
565 2409 632 2445 vel
669 2409 751 2445 alia
777 2418 885 2454 quae
917 2409 1055 2445 futura
1083 2411 1157 2451 est,
1192 2409 1396 2454 quaedam
1433 2409 1665 2454 composita
1699 2408 1821 2445 lectio
1854 2409 1986 2444 atten-

315 2474 432 2515 ditur,
471 2483 578 2519 quae
611 2474 667 2510 nil
699 2475 839 2519 potest
871 2483 971 2510 vere
1005 2474 1198 2516 existere,
1238 2474 1343 2510 sicut
1380 2483 1458 2510 nec
1497 2475 1659 2519 tempus
1700 2473 1986 2518 compositum,

315 2539 431 2575 cuius
458 2548 541 2575 una
567 2540 725 2575 tantum
752 2548 851 2584 pars
879 2539 1043 2575 existat.
1094 2538 1178 2575 Has
1207 2541 1344 2575 autem
1373 2539 1626 2584 compositas
1654 2538 1842 2575 actiones
1880 2537 1986 2574 sicut
2005 2547 2040 2573 35

315 2605 356 2640 et
389 2604 619 2648 composita
651 2606 841 2649 tempora
877 2604 1020 2639 volunt
1056 2613 1081 2640 a
1117 2604 1257 2640 verbis
1293 2603 1531 2649 significari,
1568 2604 1677 2648 quod
1713 2602 1896 2639 maxime
1933 2612 1986 2639 ex

314 2668 527 2713 praesenti
555 2669 683 2705 verbo
711 2669 974 2709 convincunt,
1011 2678 1087 2714 pro
1116 2678 1166 2704 eo
1195 2669 1352 2705 scilicet
1379 2669 1489 2714 quod
1524 2669 1658 2704 nullus
1685 2677 1832 2704 vocem
1868 2677 1986 2713 prae-

316 2733 447 2769 sentis
473 2733 535 2769 rei
557 2734 861 2779 designativam
882 2733 1066 2779 proferat
1087 2734 1139 2770 ad
1160 2734 1442 2779 praesentiam
1461 2734 1568 2770 illius
1588 2733 1650 2769 rei
1671 2733 1985 2774 ostendendam,

316 2798 432 2834 cuius
460 2798 684 2835 existentia
705 2808 823 2835 suam
842 2808 927 2835 non
950 2801 1166 2844 exspectet
1187 2799 1482 2835 ostensionem.
1535 2798 1654 2839 Quod
1675 2798 1841 2843 quidem
1862 2798 1985 2839 esset,

317 2863 353 2899 si
379 2863 470 2908 quis
497 2864 672 2900 verbum
698 2873 902 2909 praesens
930 2864 983 2900 ad
1009 2873 1210 2909 praesens
1244 2864 1374 2909 ipsius
1402 2863 1650 2900 indivisibile
1683 2862 1985 2908 designandum
2005 2869 2040 2895 ιο

316 2928 380 2964 ve]
408 2928 700 2964 indivisibilem
727 2928 934 2965 actionem
961 2928 1277 2974 significandam
1306 2929 1441 2969 vellet,
1478 2938 1570 2964 cum
1607 2927 1688 2964 iam
1725 2926 1883 2964 scilicet
1917 2926 1987 2962 illa

316 2991 581 3028 indivisibilia
608 2992 834 3037 praeterita
861 2993 1014 3033 essent,
1043 2994 1265 3038 antequam
1294 2991 1402 3028 actio
1428 2993 1574 3037 posset
1600 2990 1787 3037 proferri.

460 3090 503 3122 23
526 3091 617 3130 post
636 3098 725 3122 vero
754 3090 897 3123 lacuna
912 3097 1044 3132 parva
1063 3090 1105 3123 in
1124 3090 1166 3129 A,
1193 3090 1260 3122 sed
1279 3090 1377 3123 nihil
1397 3090 1576 3123 excidisse
1595 3089 1745 3122 videtur
1838 3088 1880 3121 37
1900 3095 1984 3120 con—

316 3147 479 3180 vinciunt
504 3148 534 3180 A
635 3148 678 3180 38
706 3148 895 3189 proferant
920 3148 951 3181 A
1050 3148 1093 3181 39
1121 3148 1357 3181 existentiam
1384 3149 1427 3181 Α.
