2200 3387
466 215 496 248 2.
526 215 590 247 Die
618 215 773 247 Glosson
802 223 845 246 zu
873 215 942 246 den
973 215 1204 255 Kategorien.
1229 231 1267 235 —
1300 215 1350 247 De
1377 215 1670 248 denominativis.
1839 215 1903 249 1:35

233 312 399 348 diversa
427 312 673 357 significant.
702 312 740 348 in
769 311 908 347 anima
935 311 1098 356 quidem
1128 311 1357 350 scientiam.
1393 312 1430 348 in
1460 323 1635 358 corpore
1664 322 1763 349 vero
1792 314 1903 349 habi-

233 379 316 413 tum
344 377 508 413 animae
535 376 843 421 grammaticae.

376 442 592 478 Animalis
612 442 796 487 quidem.
836 441 935 477 Cum
959 441 1036 477 illis
1059 451 1163 486 quas
1186 442 1310 486 ponit.
1333 444 1498 478 ceteras
1518 443 1683 487 quidem
1705 443 1904 480 divisivas

233 507 423 543 animalis
462 507 656 552 intellige.
696 508 739 542 ut
777 506 935 542 scilicet
975 515 1122 542 omnes
1161 507 1353 542 animalis
1393 516 1614 543 removeas
1653 518 1678 543 a
1717 509 1902 544 scientia.

196 583 212 608 5
233 572 372 617 Neque
398 572 524 608 enim.
578 572 685 607 Vere
712 571 897 609 scientia.
925 571 1003 607 hoc
1031 581 1193 611 nomen,
1231 581 1313 607 non
1351 572 1476 608 habet
1512 572 1613 608 istas
1649 573 1904 610 differentias

232 637 472 675 divisibiles.
499 636 596 682 quia
624 646 690 672 res
717 637 843 682 ipsae.
872 646 979 681 quae
1013 636 1214 673 scientiae
1243 639 1348 675 sunt.
1383 647 1465 673 non
1494 637 1689 673 differunt
1727 638 1902 674 invicem

233 712 308 747 per
342 712 410 739 res
449 703 617 739 istarum
656 702 993 738 differentiarum.
1046 702 1078 738 Α
1117 712 1257 738 causa.
1311 701 1356 738 Et
1383 702 1461 738 hoc
1490 705 1570 739 est:
1610 712 1692 738 una
1728 703 1905 739 seientia

231 778 313 804 non
342 768 479 804 differt
505 769 557 804 ab
585 768 667 804 alia
694 768 734 803 in
762 776 812 803 eo
841 767 950 813 quod
979 767 1032 803 sit
1058 767 1187 813 bipes.

373 833 728 869 Snbalternormn
758 843 866 868 vero,
918 832 1014 868 Post
1041 833 1228 879 regulam
1255 843 1455 879 generum
1485 843 1566 869 non
1589 834 1903 870 subalternatim

179 914 211 938 ιο
230 899 459 945 positorum
496 899 567 934 dat
600 898 945 936 subalternorum.
985 898 1095 943 quod
1135 898 1330 935 videlicet
1369 900 1543 944 possunt
1582 899 1750 935 easdem
1791 899 1905 935 diffe-

231 964 388 1001 rentias
416 963 616 1000 divisivas
645 963 814 999 habere.

373 1029 420 1065 Et
447 1031 578 1067 nota.
608 1029 718 1074 quod
746 1038 828 1065 non
857 1029 915 1065 ita
941 1029 1009 1068 ait.
1038 1030 1147 1075 quod
1176 1030 1332 1066 habent
1359 1030 1543 1070 easdem,
1571 1030 1645 1066 sed
1667 1030 1776 1075 quod
1806 1030 1903 1066 nihil

230 1094 421 1140 prohibet
457 1104 508 1131 ea
543 1095 700 1131 habere
730 1095 912 1131 easdem.
965 1094 1008 1131 In
1048 1105 1129 1140 quo
1169 1095 1334 1140 quidem
1374 1095 1516 1135 innuit.
1557 1096 1665 1140 quod
1701 1096 1905 1140 quasdam

229 1169 472 1197 communes
500 1160 692 1198 habeant.
721 1160 919 1204 quasdam
958 1170 1052 1196 non.
1105 1160 1402 1206 Quaecumque
1440 1160 1549 1197 enim
1578 1161 1783 1197 divisivae
1811 1163 1906 1197 sunt

176 1240 208 1265 15
229 1225 438 1262 inferioris
465 1225 645 1271 generis,
674 1227 769 1261 sunt
797 1226 921 1261 etiam
950 1226 1191 1271 superioris,
1228 1226 1301 1262 sed
1336 1236 1417 1262 non
1457 1226 1723 1262 convertitur.
1775 1226 1905 1271 Supe-

229 1291 347 1327 riom
377 1290 503 1326 enirn.
556 1290 664 1326 Vere
687 1290 786 1325 nihil
808 1290 1009 1335 prohibet,
1032 1290 1128 1335 quia
1149 1290 1369 1335 superiora
1388 1299 1547 1335 genera
1567 1291 1618 1327 de
1640 1290 1906 1326 inferioribus

230 1355 534 1401 praedicantur.
586 1354 648 1390 Ab
676 1354 879 1399 oppositis
903 1355 969 1390 vel
996 1364 1021 1390 a
1042 1364 1181 1395 causa,
1204 1355 1302 1400 quia
1323 1356 1493 1399 propter
1512 1355 1590 1390 hoc
1613 1355 1723 1399 quod
1746 1354 1906 1399 praedi-

229 1421 376 1456 cantur
402 1420 454 1456 de
481 1428 537 1460 se,
566 1419 738 1455 easdem
766 1420 931 1455 habent.
985 1419 1135 1463 Quare.
1188 1419 1302 1456 Haec
1335 1429 1402 1456 res
1435 1420 1575 1465 plures
1604 1419 1795 1455 maximis
1823 1419 1906 1455 alli-

228 1484 342 1531 gavit
381 1484 603 1522 erroribus,
640 1485 682 1519 ut
719 1483 1025 1520 emendandum
1063 1483 1285 1520 crederent
1324 1484 1432 1520 hunc
1471 1484 1605 1520 locum
1644 1483 1723 1519 hoc
1763 1484 1904 1519 modo:

173 1565 209 1591 20
229 1558 517 1595 quaecumque
552 1548 729 1585 subiecti
762 1548 1025 1585 differentiae
1059 1548 1222 1589 fuerint,
1257 1549 1432 1585 eaedem
1470 1550 1591 1585 erunt
1627 1549 1751 1585 etiam
1789 1559 1905 1594 prae-

228 1615 388 1651 dicati¹.
439 1614 645 1650 Putabant
671 1614 792 1653 enim,
829 1614 938 1659 quod
975 1614 1081 1650 sicut
1117 1614 1167 1650 dc
1205 1614 1393 1650 divisivis
1430 1613 1674 1650 differentiis
1711 1615 1903 1659 superius

229 1681 385 1726 egerat,
414 1680 470 1716 ita
497 1679 563 1716 hic
589 1689 755 1725 quoque
782 1679 952 1716 faceret.
1006 1679 1125 1720 Quod
1152 1679 1186 1715 si
1214 1681 1338 1719 esset,
1365 1680 1511 1715 falsum
1535 1679 1765 1721 videbatur,
1794 1681 1902 1725 quod

229 1745 387 1785 dicitur,
423 1747 467 1781 ut
502 1745 707 1783 videlicet.
735 1754 1024 1790 quaecumque
1059 1744 1263 1780 divisivae
1301 1746 1446 1781 essent
1482 1745 1722 1790 superioris.
1761 1748 1906 1782 essent

228 1811 352 1848 etiam
381 1810 588 1846 inferioris
614 1810 793 1856 generis.
847 1810 1028 1855 Ideoque
1050 1810 1361 1846 transferebant
1388 1810 1468 1846 sic:
1497 1820 1784 1855 quaecumque
1808 1813 1903 1847 sunt

172 1891 207 1916 25
229 1876 415 1917 subiecti,
452 1878 493 1912 et
520 1875 759 1921 praedicati.
812 1874 893 1911 Sed
926 1885 1009 1911 non
1049 1877 1113 1911 est
1153 1884 1341 1915 necesse,
1382 1875 1478 1920 quia
1518 1876 1583 1912 hic
1621 1876 1817 1912 transfert
1858 1885 1904 1912 se

227 1941 542 1978 Aristoteles
582 1941 634 1977 ad
674 1941 966 1977 constitutivas
1006 1940 1275 1980 differentias,
1322 1942 1362 1976 ut
1403 1940 1597 1977 videlicet
1645 1950 1728 1977 non
1770 1942 1903 1977 solum

225 2007 496 2044 divisivarum
525 2006 854 2042 differentiarum
882 2007 1073 2042 naturam
1101 2006 1248 2044 tradat,
1283 2015 1427 2042 verum
1457 2006 1581 2042 etiam
1619 2006 1905 2043 constitutiva-

225 2082 325 2109 rum.
378 2072 507 2109 Illatio
534 2071 581 2108 fit
607 2081 633 2108 a
659 2081 789 2108 causa
816 2081 870 2108 ex
898 2072 1047 2108 eodem
1075 2072 1185 2116 quod
1213 2072 1271 2108 ait
1297 2071 1516 2117 superiora
1549 2072 1600 2108 de
1636 2072 1903 2108 inferioribus

226 2137 470 2183 praedicari.
522 2137 633 2174 Idem
662 2137 771 2173 enim
805 2146 934 2173 causa
967 2139 1042 2178 est,
1080 2138 1123 2173 ut
1159 2146 1266 2182 quae
1303 2138 1398 2173 sunt
1435 2137 1641 2173 divisivae
1682 2137 1902 2175 inferioris

172 2218 207 2241 ευ
227 2203 311 2240 sint
337 2203 461 2240 etiam
489 2203 718 2248 superioris
746 2203 787 2239 et
813 2212 920 2248 quae
955 2204 1051 2238 sunt
1084 2202 1378 2239 constitutivae
1412 2203 1653 2248 superioris,
1689 2203 1770 2238 sint
1806 2203 1905 2239 infe-

227 2268 358 2304 rioris.
409 2268 549 2307 Nota,
578 2268 687 2313 quod
715 2268 772 2304 ait
797 2267 1042 2304 Boethius
1068 2268 1110 2304 in
1137 2267 1444 2306 Commento,
1473 2278 1565 2304 cum
1594 2270 1686 2313 post
1707 2268 1903 2304 constitu-

228 2333 336 2369 tivas
364 2333 623 2369 differentias
657 2333 707 2369 de
735 2333 929 2369 divisivis
964 2333 1204 2378 loqueretur
1237 2333 1380 2369 dicens
1395 2336 1425 2368 2:
1467 2333 1580 2375 ‚Sunt
1613 2335 1750 2369 autem
1785 2333 1903 2369 aliae*

227 2407 335 2443 quae
372 2398 486 2443 ipsae
521 2398 686 2444 quidem
721 2398 818 2434 nihil
852 2399 1061 2443 complent
1100 2408 1178 2435 nec
1211 2398 1336 2434 ullam
1376 2399 1561 2444 speciem
1600 2399 1788 2440 reddunt,
1829 2399 1903 2434 sed

228 2472 360 2509 genus
387 2465 546 2499 tantum
575 2463 771 2505 dividunt,
801 2465 844 2500 ut
870 2464 1075 2500 rationale
1110 2465 1150 2499 et
1183 2463 1445 2500 irrationale:
1499 2463 1618 2504 Quod
1654 2464 1711 2500 ita
1747 2465 1812 2500 est
1849 2463 1905 2499 in-

174 2541 208 2566 35
227 2528 505 2576 telligendum.
533 2529 642 2574 quod
670 2529 709 2565 in
738 2531 937 2574 quantum
965 2529 1170 2565 divisivae
1192 2529 1393 2570 dicuntur,
1419 2529 1516 2565 nihil
1538 2529 1804 2569 constituunt,
1827 2529 1902 2565 sed

228 2594 383 2629 tantum
407 2592 603 2632 dividunt,
625 2593 777 2638 quippe
799 2593 948 2629 nullius
970 2594 1065 2630 sunt
1086 2593 1392 2634 constitutivae,
1420 2593 1536 2630 cuius
1565 2596 1660 2629 sunt
1687 2593 1903 2629 divisivae.

373 2658 532 2693 Eorum
561 2668 672 2703 quae
696 2659 941 2695 sec-undum.
993 2658 1106 2694 Haec
1134 2659 1362 2695 subdivisio
1392 2661 1454 2695 est
1480 2659 1587 2695 illius
1608 2658 1905 2694 subdivisionis
1935 2631 2097 2722 ἔξοιρὲἔζΑ

228 2732 351 2768 quam
373 2732 425 2758 su
438 2722 639 2767 perius³
666 2723 837 2768 primam
861 2723 999 2768 posuit
1019 2733 1095 2768 per
1110 2723 1371 2768 complexum
1395 2726 1435 2759 et
1456 2724 1775 2769 incomplexum.
1799 2723 1903 2764 Quia

228 2788 294 2824 hic
320 2789 372 2824 de
401 2787 674 2833 incomplexis
712 2790 867 2824 tantum
903 2788 1138 2828 intenditur.
1175 2789 1253 2824 hoc
1290 2798 1417 2833 opere
1453 2789 1740 2833 incomplexas
1777 2798 1905 2824 voces

374 2911 413 2943 12
443 2908 554 2951 quod}
584 2911 669 2950 quia
699 2911 726 2942 A
842 2911 881 2943 16
910 2910 1144 2943 inferioribus
1173 2908 1446 2951 praedicantur]
1473 2919 1501 2942 s.
1531 2919 1563 2950 p.
1592 2910 1619 2942 A
1733 2911 1775 2942 22
1804 2910 1903 2943 vide-

230 2970 318 3002 bant
343 2970 372 3002 A
498 2970 541 3002 23
569 2970 736 3002 dicuntur
762 2970 789 3002 A
892 2970 934 3002 29
964 2967 1015 3009 ut]
1043 2971 1063 3001 ῡ
1091 2969 1120 3002 Α
1220 2970 1262 3001 37
1291 2969 1420 3001 ORl'M
1450 2970 1575 3006 QUAE
1603 2969 1655 3002 ST
1682 2970 1711 3002 A

373 3040 383 3062 ¹
413 3041 680 3079 Boeth.1.e.‚
710 3050 742 3081 p.
774 3041 838 3073 178
855 3041 894 3078 D,
925 3041 989 3073 179
1006 3041 1048 3073 Α.

370 3099 384 3121 2
412 3100 560 3132 Boeth.
590 3100 611 3132 l.
640 3108 680 3137 0.,
710 3109 742 3140 p.
774 3100 838 3131 179
856 3100 892 3132 B.
1014 3099 1030 3120 ³
1056 3099 1204 3132 Boeth.
1234 3099 1255 3131 l.
1284 3108 1323 3135 e„
1352 3108 1385 3140 p.
1417 3100 1482 3131 168
1500 3099 1539 3131 D.
