2200 3387
294 208 335 240 w
702 209 807 240 l‘eter
833 208 1036 240 Abacum-ds
1065 207 1196 248 Logica
1225 206 1549 248 ,ingredientibus‘.

292 309 414 341 strat:
474 305 716 349 Significare
750 306 888 340 autem
921 305 986 340 vel
1016 306 1246 339 monstrare
1286 313 1432 339 vocum
1471 304 1545 342 est.
1585 302 1811 347 significari
1848 311 1949 339 vero

292 380 438 406 rerum.
467 370 511 405 Et
540 380 589 405 ru
603 373 753 405 rsus¹z
783 369 1059 406 ,Vocabulum
1082 369 1220 413 inquit.
1243 368 1419 404 nominis
1442 368 1492 404 de
1514 367 1695 412 pluribus
1717 367 1950 403 nominibus

293 435 554 479 praedicatur
592 438 631 470 et
683 434 986 479 quodaminodo
1035 434 1198 478 species
1247 434 1324 469 sub
1369 443 1415 469 sc
1460 432 1677 468 continens
1717 431 1949 468 individua.‘

292 500 376 535 Non
407 502 543 535 autem
573 499 736 544 proprie
765 499 929 544 specics
957 499 1114 536 dicitur.
1142 508 1232 535 cum
1262 508 1343 534 non
1363 498 1415 534 sit
1441 497 1724 537 substantiale,
1752 496 1827 533 sed
1849 496 1952 533 acci-

292 565 456 600 dentale
484 565 741 602 vocabulum.
770 564 1005 599 universale
1033 565 1169 599 autem
1203 563 1483 599 indubitanter
1509 563 1584 602 est,
1612 562 1677 598 cui
1703 561 1951 598 universalis
1971 565 1987 591 5

292 629 475 665 definitio
504 629 708 665 convenit.
759 628 818 664 Ex
847 638 926 674 quo
948 638 1075 664 voces
1098 638 1262 673 quoque
1284 627 1544 663 universales
1566 636 1662 663 esse
1685 626 1952 667 convincitur,

292 695 438 739 quibus
466 696 620 730 tantum
652 694 913 739 praedicatos
942 693 1140 729 terminos
1168 692 1496 738 propositionum
1524 701 1619 728 esse
1647 691 1904 727 adscribitur.

432 760 531 795 Cum
554 761 689 795 autem
713 761 793 794 tam
817 769 896 794 res
919 768 1204 803 quamvoces
1220 757 1480 793 universales
1497 756 1954 801 dicivideantur,quae-

292 825 462 860 rendum
497 826 571 860 est.
601 824 776 869 qualiter
804 824 949 859 rebus
979 823 1166 859 definitio
1195 822 1442 858 universalis
1471 822 1604 867 possit
1640 821 1786 866 aptari.
1837 821 1954 857 Nulla

291 889 398 924 enim
427 899 495 925 res
523 899 600 925 nec
628 890 707 924 ulla
744 889 930 924 collectio
968 898 1105 924 rerum
1143 889 1192 924 ‹le
1231 888 1412 932 pluribus
1448 887 1685 933 singillatim
1721 886 2007 931 praedicarim

292 954 463 990 videtur.
492 954 600 999 quod
629 954 862 999 proprietas
896 953 1144 989 universalis
1179 953 1317 998 exigit.
1369 953 1470 988 Nam
1501 952 1579 988 etsi
1599 951 1664 987 hic
1691 952 1866 996 populus
1887 951 1953 987 vel

291 1019 395 1054 haec
432 1019 577 1054 domus
617 1019 682 1054 vel
720 1018 914 1054 Socrates
955 1018 1005 1053 de
1045 1018 1235 1053 omnibus
1276 1018 1395 1053 simul
1435 1017 1620 1062 partibus
1657 1016 1743 1052 suis
1782 1016 1952 1057 dicatur,

292 1094 412 1119 nemo
441 1085 578 1119 tamen
608 1084 774 1119 omnino
804 1093 855 1119 ea
888 1082 1142 1118 universalia
1176 1083 1282 1123 dicit,
1316 1092 1406 1118 cum
1426 1082 1496 1118 vad
1532 1081 1758 1127 singularia
1793 1081 1954 1126 praedi-

292 1149 397 1184 catio
421 1158 561 1184 eorum
585 1158 666 1184 non
689 1148 840 1183 veniat.
889 1147 978 1183 Una
998 1149 1133 1183 autem
1158 1157 1224 1183 res
1247 1148 1372 1183 multo
1395 1147 1528 1183 minus
1550 1156 1671 1191 quam
1693 1146 1880 1182 collectio
1902 1146 1953 1182 de

292 1213 473 1258 pluribus
500 1213 774 1258 praedicatur.
827 1212 1043 1252 Quomodo
1077 1222 1176 1258 ergo
1204 1213 1270 1249 vel
1309 1222 1394 1248 rem
1425 1221 1547 1247 unam
1574 1212 1640 1247 vel
1667 1210 1953 1247 collectionem
1975 1221 2008 1248 15

291 1278 526 1314 universale
540 1279 759 1323 appellant,
775 1278 992 1313 audiamus
1009 1279 1132 1322 atque
1149 1287 1294 1313 omnes
1310 1277 1490 1313 omnium
1506 1276 1724 1321 opiniones
1739 1279 1988 1321 ponamus.)

433 1343 665 1383 Quidam2
693 1343 798 1379 enim
829 1343 885 1378 ita
917 1352 1005 1378 rem
1032 1343 1311 1379 universalem
1339 1342 1557 1387 accipiunt,
1593 1343 1636 1377 ut
1671 1341 1711 1377 in
1747 1341 1872 1377 rebus
1900 1340 1955 1377 di-

290 1409 424 1445 versis
453 1409 503 1444 ab
531 1409 707 1444 invicem
737 1418 811 1453 per
836 1409 990 1444 formas
1019 1408 1196 1444 eandem
1224 1407 1505 1444 essentialiter
1531 1406 1805 1443 substantiam
1833 1406 1955 1442 collo-

291 1475 395 1510 cent.
430 1483 536 1518 quare
565 1473 842 1519 singularium,
875 1473 916 1509 in
950 1473 1098 1518 quibus
1127 1474 1200 1514 est,
1230 1472 1454 1509 materialis
1483 1472 1535 1508 sit
1561 1471 1747 1508 essentia
1773 1472 1814 1507 et
1840 1470 1879 1506 in
1907 1480 1954 1507 se

291 1539 381 1584 ipsa
415 1549 507 1576 una.
541 1540 698 1574 tantum
734 1548 809 1583 per
840 1538 995 1574 formas
1035 1538 1275 1574 inferiorum
1315 1538 1367 1573 sit
1405 1538 1583 1575 diversa.
1642 1537 1754 1577 Quas
1788 1536 1954 1582 quidem
1973 1550 2008 1576 20

258 1614 264 1633 ³
290 1604 444 1640 formas
475 1604 507 1639 si
536 1603 723 1648 separari
751 1603 1022 1649 contingeret,
1047 1602 1051 1648 Ι
1074 1603 1185 1639 nulla
1212 1603 1376 1648 penitus
1405 1602 1639 1638 differentia
1664 1611 1801 1638 rerum
1829 1602 1953 1642 esset,

291 1678 396 1713 quae
425 1668 648 1704 formarum
677 1670 833 1704 tantum
863 1668 1105 1704 diversitate
1133 1669 1185 1704 ab
1212 1668 1388 1704 invicem
1412 1667 1576 1708 distant,
1605 1677 1695 1703 cum
1717 1666 1770 1703 sit
1789 1666 1953 1711 penitus

290 1733 436 1768 eadem
465 1732 743 1768 essentialiter
769 1732 954 1768 materia.
1006 1732 1132 1768 Verbi
1168 1731 1303 1778 gratia
1337 1731 1377 1767 in
1405 1731 1578 1777 singulis
1614 1731 1848 1767 hominibus
1884 1740 1955 1766 nu-

290 1808 404 1833 mero
437 1797 723 1833 differentibus
760 1797 906 1833 eadem
941 1799 1006 1833 est
1037 1797 1215 1833 hominis
1243 1796 1486 1837 substantia,
1514 1806 1621 1842 quae
1648 1796 1714 1832 hic
1739 1796 1853 1832 Plato
1881 1804 1955 1840 per

289 1863 394 1898 haec
421 1862 652 1898 accidentia
679 1862 734 1899 fit.
755 1862 809 1898 ibi
829 1861 1024 1898 Socrates
1046 1871 1120 1907 per
1140 1862 1218 1898 illa.
1271 1861 1427 1902 Quibus
1455 1862 1620 1906 quidem
1646 1860 1952 1906 Porphyrius
1973 1879 2008 1904 25

290 1927 494 1963 assentire
508 1927 686 1963 maxime
699 1927 872 1967 videtur,
885 1937 975 1963 cum
989 1927 1083 1962 ait-'¹2
1098 1927 1426 1972 ,participatione
1442 1926 1598 1971 speciei
1612 1927 1751 1971 plures
1766 1925 1954 1961 homines

290 2002 406 2031 unus,
428 1992 516 2033 <in>
538 1992 853 2037 particularibus
876 1994 1013 2027 autem
1035 2001 1140 2027 unus
1163 1993 1203 2028 et
1223 1991 1453 2028 communis
1474 1992 1635 2036 plures!
1672 1990 1720 2027 Et
1739 1992 1951 2027 rursus4:

291 2057 527 2094 ,lndividua
539 2057 679 2101 inquit.
693 2057 881 2093 dicuntur
895 2056 1140 2095 huiusmodi,
1162 2057 1354 2101 quoniam
1370 2056 1689 2101 unumquodque
1702 2065 1844 2092 eorum
1860 2065 1954 2091 con-

290 2122 396 2158 sistit
417 2132 469 2158 ex
494 2122 827 2167 proprietatibus,
846 2132 1018 2166 quarum
1037 2121 1225 2158 collectio
1247 2132 1328 2157 non
1351 2122 1414 2157 est
1435 2121 1474 2157 in
1496 2121 1599 2157 alio.‘
1637 2120 1832 2157 Similiter
1852 2121 1893 2156 et
1912 2120 1953 2156 in

291 2187 461 2231 singulis
489 2187 734 2223 animalibus
762 2187 902 2231 specie
931 2186 1215 2223 differentibus
1248 2196 1372 2222 unam
1400 2188 1441 2222 et
1473 2186 1650 2222 eandem
1677 2185 1954 2222 essentialiter
1973 2195 2008 2221 30

291 2252 479 2288 animalis
515 2252 788 2288 substantiam
824 2253 992 2296 ponunt,
1041 2261 1164 2296 quam
1210 2261 1283 2296 per
1322 2251 1580 2287 diversarum
1628 2250 1953 2286 differentiarum

290 2317 597 2361 susceptionem
626 2317 664 2352 in
695 2317 885 2353 diversas
913 2317 1079 2361 species
1107 2317 1284 2355 trahunt,
1313 2316 1440 2352 veluti
1467 2316 1501 2352 si
1528 2325 1581 2352 ex
1608 2316 1686 2352 hac
1706 2325 1805 2351 cera
1830 2315 1952 2351 modo

291 2383 468 2416 statuam
496 2380 684 2417 hominis.
712 2381 834 2416 modo
855 2380 974 2415 bovis
1004 2380 1153 2416 faciam
1177 2380 1364 2416 diversas
1392 2380 1528 2416 eidem
1552 2380 1716 2425 penitus
1743 2378 1953 2415 essentiae

291 2446 471 2481 manenti
508 2445 663 2481 formas
700 2446 920 2490 aptando
972 2446 1058 2481 Hoc
1094 2448 1232 2481 tamen
1272 2445 1400 2481 refert
1436 2445 1545 2490 quod
1581 2444 1729 2480 eodem
1765 2445 1952 2489 tempore

290 2520 387 2546 cera
409 2511 555 2546 eadem
584 2512 743 2546 statuas
771 2521 853 2546 non
875 2510 1097 2549 constituit,
1125 2510 1229 2546 sicut
1256 2510 1295 2546 in
1318 2509 1545 2546 universali
1565 2509 1816 2551 conceditur,
1844 2508 1953 2554 quod
1973 2521 2008 2547 35

433 2656 450 2686 7
480 2652 784 2695 propositionuml
812 2659 943 2695 ponunt
973 2654 1002 2686 A
1105 2655 1144 2685 ll)
1172 2654 1412 2695 singularium
1433 2654 1558 2686 Rosm.
1587 2653 1702 2694 singlr
1721 2653 1749 2685 A
1837 2654 1875 2685 21
1907 2651 1952 2692 si]

291 2724 330 2746 se
352 2715 379 2746 A
401 2715 513 2746 Rosm
637 2714 742 2745 28-29
771 2713 1055 2753 unumquodque
1083 2722 1207 2744 eorum
1235 2713 1401 2745 consistit
1427 2713 1563 2753 scripsi
1586 2712 1793 2744 seeundum
1813 2711 1951 2752 Porph.

291 2776 325 2805 et
353 2774 445 2805 enim
469 2773 494 2805 A
596 2774 638 2805 34
667 2773 835 2805 manendi
857 2772 885 2804 A

432 2853 441 2875 ¹
472 2854 635 2890 Boeth..
665 2854 685 2885 I.
715 2864 752 2891 (κ,
783 2864 814 2895 p.
844 2855 911 2886 886
926 2854 963 2886 B.

430 2912 444 2933 ‘2
473 2914 578 2951 Quae
604 2915 817 2953 sequuntur
840 2921 957 2952 nsque
978 2912 1029 2944 ad
1054 2912 1187 2944 verba:
1213 2912 1383 2944 Socrates
1410 2920 1477 2952 per
1496 2912 1558 2943 illa
1583 2910 1631 2949 (v,
1654 2911 1723 2950 25),
1752 2912 1831 2943 iam
1851 2911 1952 2943 edita

289 2972 379 3003 sum
406 2980 427 3002 (1
457 2971 671 3003 elur-issima
706 2972 787 3003 viro
822 2972 862 3003 Α.
890 2969 1319 3007 Rosmini-Serbati‚
1347 2969 1545 3001 Aristotele
1570 2971 1720 3010 esposto
1747 2969 1792 3002 ed
1816 2969 1950 3001 esami-

289 3031 391 3067 nato,
408 3030 541 3061 Torino
560 3030 659 3067 1857,
677 3040 708 3069 p.
727 3030 780 3061 26.
906 3029 920 3050 3
942 3029 1101 3067 Boeth.‚
1124 3029 1168 3061 In
1184 3029 1333 3069 Porph„
1356 3038 1388 3068 p.
1406 3028 1473 3060 228
1488 3028 1512 3059 9.
1633 3027 1647 3050 4
1674 3028 1695 3060 l.
1718 3038 1757 3066 (κ,
1784 3037 1818 3068 p.
1835 3026 1951 3060 23414-

429 3088 443 3109 5¹
470 3089 564 3120 Idem
581 3089 788 3128 exemplum
806 3089 833 3120 Α
847 3089 943 3120 bael
956 3088 1030 3120 ard
1042 3097 1089 3119 us
1105 3088 1214 3119 affert
1227 3088 1262 3119 in
1278 3087 1398 3119 Theol.
1415 3087 1552 3121 christ..
1566 3087 1620 3119 PL
1639 3087 1714 3125 178,
1731 3096 1763 3127 p.
1779 3087 1867 3119 1288
1881 3086 1949 3118 BC.
