2200 3387
496 228 526 260 2,
556 228 620 259 Dic
648 228 805 260 Glosscn
833 236 876 259 zu
904 227 974 259 den
1002 226 1236 267 Kategorien.
1274 246 1306 249 --
1339 227 1390 259 ne
1417 227 1634 259 substantia.
1845 225 1911 259 165

235 324 436 360 Alteratio
479 334 657 369 namque
697 324 862 369 specics
902 326 967 359 cst
1007 326 1152 358 motus.
1210 324 1423 359 ,S'Inaeile'ter
1454 325 1623 368 quidem
1660 327 1696 359 v!
1732 324 1773 359 ἰιι
1809 324 1911 359 aliis

234 389 477 425 substantiis
504 389 714 434 contingit.
742 388 852 433 quod
874 388 1033 424 scilicet
1062 389 1395 432 unumqumlqm·
1421 389 1652 424 subies-lum
1677 392 1752 425 etc.
1808 392 1910 424 Ora-

233 455 293 490 !1'0
326 457 482 490 (talem.
536 454 654 495 Quod
683 454 755 490 ait:
801 454 894 498 ipsa
934 453 1114 488 ωηιηὶηυ
1148 456 1404 498 permanen!
1439 454 1680 489 [trennmilia
1711 483 1717 489 .
1746 483 1753 490 .
1782 483 1787 489 .
1815 465 1910 489 rme-

233 520 436 560 [ruriam.
466 519 648 565 intellige
680 519 840 555 duabus
872 517 1124 563 praepositis
1152 518 1381 556 sententiis.
1420 518 1484 554 vel
1523 519 1577 554 ita
1611 519 1767 554 scilicet
1800 520 1908 563 quod

195 592 285 620 sex
314 587 463 620 natura
497 594 574 620 sua
612 594 692 620 non
744 584 959 619 variantur
995 583 1060 619 vel
1108 583 1165 619 ita
1209 583 1319 628 quod
1365 593 1446 619 non
1489 585 1553 619 est
1593 584 1764 619 mutatio
1805 584 1910 628 ipso·

230 659 318 685 rum
359 650 536 695 propria.
572 659 714 686 verum
749 649 873 685 ctiam
911 648 1082 685 alterius
1112 650 1152 684 et
1189 648 1321 693 primo
1359 648 1461 684 loco.
1499 648 1766 687 ,Naturaliter
1800 649 1908 685 enim

230 713 343 758 prius
371 713 579 749 hominem
613 713 814 757 contingit
841 712 1066 757 permutari
1100 712 1212 748 circa
1240 712 1389 748 sedere
1419 714 1459 748 et
1495 722 1575 748 non
1605 713 1755 748 sedere
1785 722 1907 757 quam

231 778 461 814 orationem
496 778 559 813 vel
598 778 851 813 intellectum
888 777 1000 813 circa
1027 787 1171 813 verum
1200 778 1265 813 vel
1294 777 1452 815 falsum.
1481 787 1589 822 quae
1617 778 1753 823 gratia
1780 778 1909 822 ipsius

231 843 288 879 rei
327 843 568 889 suscipiunt.
622 843 740 879 Unde
774 843 979 879 subditur:
1021 842 1122 878 Cum
1158 853 1256 878 vero
1292 843 1384 887 ipsa
1423 853 1485 878 res
1521 845 1723 885 mcwetur,
1759 843 1811 879 ad
1849 853 1911 879 se-

181 906 412 942 wdendum
448 906 608 943 seilicet
643 907 709 942 vel
747 916 829 942 non
867 906 1110 945 sedendum,
1147 907 1414 942 eontrarium
1454 907 1564 942 cirea
1606 916 1698 942 eam
1740 907 1796 948 m,
1836 906 1911 942 sci·

230 971 324 1008 licet
351 972 463 1008 eirca
496 971 736 1017 opinionem
771 972 836 1007 vcl
875 972 999 1008 etiam
1033 971 1147 1008 cirea
1183 972 1427 1009 orationem.
1465 982 1546 1008 non
1585 972 1750 1016 quidem
1784 982 1911 1017 quan-

231 1039 313 1073 tum
343 1037 394 1073 ad
423 1037 482 1073 rei
505 1037 738 1077 veritatem,
766 1037 840 1073 sed
870 1037 1099 1073 secundum
1129 1037 1338 1073 hominum
1369 1037 1734 1074 existimationem.
1763 1037 1910 1082 quibus

228 1111 394 1147 quoque
432 1102 589 1138 veritas
636 1104 676 1138 ct
720 1102 883 1138 falsitas
925 1102 1128 1139 orationis
1175 1102 1385 1138 contraria
1430 1102 1690 1139 videbantur.
1761 1103 1910 1138 Oratio

229 1177 424 1211 namque.
477 1167 586 1204 Vere
615 1167 748 1204 oratio
778 1169 1001 1213 permanet
1038 1167 1260 1204 immobilis
1300 1168 1340 1203 in
1381 1178 1439 1207 se,
1478 1170 1521 1204 ut
1560 1168 1792 1213 expositum
1834 1169 1909 1205 est.

177 1245 208 1269 15
227 1233 324 1278 quia
346 1233 425 1268 ista
449 1233 602 1269 oratio:
644 1233 851 1270 ,Socrates
881 1233 1012 1269 sedet·
1044 1235 1263 1278 permanet
1293 1233 1452 1269 eadem.
1505 1233 1538 1268 Α
1561 1234 1679 1278 parte
1702 1235 1742 1269 et
1763 1243 1788 1268 a
1810 1233 1909 1278 pari.

227 1297 347 1334 Paria
374 1307 553 1343 namque
582 1299 677 1334 sunt
698 1298 763 1334 hic
785 1298 895 1334 idem
918 1308 1014 1334 esse
1043 1300 1084 1334 et
1111 1298 1334 1339 immobile,
1363 1300 1405 1334 et
1427 1298 1635 1335 ,Socrates
1659 1299 1788 1334 sedet·
1811 1308 1909 1343 pars

233 1362 305 1408 est!
330 1363 542 1399 orationis.
595 1364 880 1408 Quapropter.
934 1362 1279 1408 Quandoquidem
1313 1363 1465 1400 ceteris
1505 1364 1629 1399 rebus
1667 1373 1749 1399 non
1784 1364 1908 1399 etiam

228 1428 424 1464 convenit
450 1428 663 1473 suscipere
692 1428 904 1464 contraria
931 1428 1160 1464 secundum
1182 1428 1244 1464 sui
1265 1428 1548 1470 mutationem,
1571 1438 1671 1474 ergo
1694 1429 1794 1465 solis
1816 1430 1909 1465 sub-

225 1493 401 1529 stantiis.
454 1493 515 1529 Ab
538 1493 802 1530 immediatis.
854 1493 902 1529 Et
929 1494 1007 1529 hoc
1034 1493 1247 1538 proprium
1275 1495 1338 1530 est
1364 1494 1637 1531 solummodo.
1667 1494 1706 1529 id
1734 1496 1799 1530 est
1826 1495 1907 1530 tale

172 1570 206 1595 ευ
227 1558 451 1603 proprium.
493 1559 602 1603 quod
643 1559 742 1595 solis
783 1559 980 1595 convenit
1019 1559 1277 1595 substantiis.
1329 1559 1375 1595 Si
1401 1559 1497 1603 quis
1529 1561 1684 1595 (tutem.
1737 1559 1910 1605 Propter

227 1623 568 1661 additamentum.
596 1624 706 1669 quod
734 1624 923 1660 adiunxit
949 1624 1194 1669 proprietati
1221 1624 1493 1663 substantiae,
1521 1624 1631 1669 quod
1659 1627 1725 1661 est
1751 1625 1909 1662 scilicet

228 1689 458 1725 secundum
487 1689 551 1726 sui
578 1689 861 1729 mutationem.
890 1689 1054 1735 singula
1080 1699 1223 1725 rursus
1245 1690 1416 1735 adaptat
1437 1690 1690 1726 substantiis.
1743 1690 1816 1726 Vel
1845 1692 1909 1726 est

227 1755 348 1800 quasi
376 1754 600 1791 submissio
628 1754 900 1800 probationis.
929 1764 978 1790 ae
1005 1755 1041 1790 si
1068 1755 1244 1791 diceret:
1272 1764 1373 1791 vere
1401 1755 1726 1791 substantiarum
1749 1757 1906 1791 tantum

228 1822 293 1856 est
314 1820 432 1857 istud.
462 1820 558 1865 quia
579 1820 753 1856 aliorum
776 1829 870 1856 non.
923 1819 990 1856 Sic
1013 1819 1121 1855 enim
1143 1829 1272 1865 saepe
1294 1821 1482 1865 probatio
1504 1821 1738 1865 praemissa
1757 1831 1907 1866 suppo-

173 1896 208 1921 25
229 1885 348 1922 nitur.
371 1888 414 1921 ut
429 1887 644 1931 appareat,
665 1885 774 1921 unde
794 1886 1003 1930 probetur.
1033 1885 1139 1921 sieut
1163 1885 1217 1921 ibi
1240 1885 1432 1931 superius
1453 1886 1605 1922 factum
1628 1888 1712 1922 est:
1759 1886 1907 1923 Omnia

227 1951 335 1987 enim
370 1950 453 1987 alia
486 1952 557 1987 aut
591 1951 642 1987 de
680 1950 879 1987 subiectis
914 1950 1105 1987 dicuntur
1146 1951 1443 1996 principalibus
1480 1951 1723 1988 substantiis
1760 1954 1831 1988 aut
1864 1952 1905 1988 in

227 2016 427 2052 subiectis
455 2016 615 2052 eisdem
643 2018 749 2052 sunt.
800 2016 966 2068 Repetit
994 2016 1129 2054 etiam.
1158 2018 1200 2052 ut
1228 2016 1354 2052 addat
1381 2017 1432 2053 de
1461 2016 1613 2053 ceteris
1641 2017 1905 2062 permutatio-

226 2081 348 2118 nibus
363 2081 475 2118 circa
490 2081 572 2118 alia
594 2081 815 2120 contraria,
837 2081 947 2127 quod
968 2081 1066 2117 facit
1080 2081 1146 2117 ibi.
1185 2082 1450 2127 Simpliciter
1469 2084 1611 2118 autem
1635 2092 1660 2118 (l
1685 2083 1805 2118 nullo
1828 2084 1903 2119 ete.

226 2147 375 2183 Oratio
404 2156 599 2191 natuque.
652 2147 762 2183 Vere
790 2157 872 2183 non
900 2147 1105 2192 recipiunt
1132 2147 1236 2184 haec
1258 2147 1487 2184 secundum
1510 2148 1573 2184 sui
1595 2147 1753 2184 seilicet
1774 2150 1902 2184 muta-

171 2229 205 2253 30
225 2213 393 2253 tionem,
422 2212 519 2258 quia
546 2212 586 2248 in
615 2222 666 2248 eo
694 2212 900 2258 recipiunt
927 2213 1038 2258 quod
1065 2212 1178 2249 eirca
1205 2213 1378 2249 alteram
1406 2222 1493 2249 rem
1521 2213 1632 2249 facta
1659 2215 1723 2250 est
1751 2214 1904 2259 passio,

226 2278 265 2314 id
293 2279 357 2314 est
385 2278 524 2314 motio.
575 2278 637 2314 Ab
666 2278 882 2323 oppositis.
933 2277 981 2314 Et
1008 2287 1108 2314 vere
1145 2279 1375 2314 secundum
1413 2278 1685 2315 mutationem
1721 2279 1903 2318 alteriusv

226 2343 322 2388 quia
349 2343 577 2379 seeundum
606 2343 877 2380 mutationem
915 2343 976 2380 rei
1015 2344 1067 2380 de
1107 2353 1190 2389 qua
1225 2344 1363 2390 agitur
1401 2345 1466 2380 vel
1506 2354 1614 2389 quae
1653 2345 1903 2390 intelligitur.

226 2408 259 2444 Α
287 2410 416 2453 parte.
467 2408 515 2444 Et
547 2409 626 2445 hoc
659 2411 740 2445 est:
774 2409 814 2445 in
843 2418 893 2445 eo
922 2409 1031 2454 quod
1059 2419 1127 2445 res
1154 2412 1345 2445 movetur
1372 2409 1422 2446 de
1451 2419 1545 2446 esse
1573 2410 1712 2455 aliquo
1740 2410 1792 2446 ad
1820 2420 1902 2446 non

212 2483 323 2510 -esse
352 2474 416 2510 vel
445 2483 468 2510 e
490 2483 711 2512 converso,
740 2474 874 2510 oratio
902 2484 1005 2510 vcra
1032 2477 1073 2511 et
1099 2475 1206 2511 falsa
1228 2475 1386 2512 dicitur.
1415 2485 1497 2511 non
1526 2475 1565 2511 in
1594 2484 1644 2511 eo
1674 2475 1783 2520 quod
1812 2476 1903 2521 ipsa

171 2554 205 2578 35
227 2541 315 2579 ete..
341 2539 449 2576 sieut
476 2540 693 2585 dupliciter
720 2542 784 2576 cst
812 2540 1060 2586 expositum.
1112 2541 1386 2586 Simpliciter.
1439 2541 1526 2577 Hoc
1554 2542 1618 2577 est
1646 2541 1903 2578 additamen-

226 2607 321 2644 tum,
350 2605 458 2650 quod
486 2605 645 2642 seilicet
673 2606 855 2642 ostendit
881 2606 1113 2642 orationem
1143 2608 1183 2642 et
1211 2606 1464 2642 intellectum
1492 2616 1575 2642 non
1604 2608 1762 2642 tantum
1791 2607 1903 2643 eirea

225 2680 368 2706 verum
398 2672 439 2706 et
474 2671 620 2707 falsum
655 2680 737 2707 non
775 2671 933 2707 moveri
972 2671 1200 2708 secundum
1236 2671 1298 2707 sui
1339 2672 1622 2708 mutationem.
1662 2673 1735 2708 sed
1776 2672 1900 2708 etiam

227 2735 520 2772 universaliter
554 2735 666 2772 circa
702 2737 813 2772 nulla
848 2736 1069 2773 contraria.
1122 2737 1155 2772 Α
1189 2738 1288 2772 toto.
1340 2738 1442 2772 (mm
1484 2737 1617 2772 nulla.
1670 2736 1900 2773 Submissio

227 2803 291 2837 est
327 2801 533 2836 illationis
589 2801 856 2845 Lanynorem
898 2802 1025 2838 enim.
1086 2802 1193 2838 Vere
1231 2802 1546 2838 contrariorum.
1583 2802 1680 2847 quia
1715 2802 1899 2837 istorum.

172 2880 207 2904 ω
228 2865 259 2901 Α
290 2867 419 2910 parte.
473 2866 615 2908 Quare
652 2866 902 2910 proprium,
941 2865 1277 2910 quandoquidem
1313 2865 1558 2902 substantiis
1592 2866 1787 2902 convenit
1821 2866 1899 2902 hoc

226 2929 429 2967 omnibus.
458 2929 532 2965 sed
560 2931 601 2965 et
628 2929 740 2966 solis.
769 2931 811 2965 ut
838 2931 1053 2966 ostensum
1082 2932 1156 2966 est.
1209 2929 1315 2975 Ergo
1344 2932 1408 2965 est
1436 2929 1603 2975 proprie
1635 2930 1845 2975 proprium
1875 2940 1900 2966 a

226 2995 505 3039 descriptione
522 2994 674 3039 proprii
691 2995 800 3039 quod
817 2995 978 3040 accipit.
1007 2995 1178 3040 Largius
1200 2995 1308 3031 enim
1331 2995 1497 3040 proprie
1521 2995 1728 3040 proprium
1751 2995 1900 3042 accipit

227 3070 347 3105 quam
378 3059 685 3104 Porphyrius
713 3060 780 3105 qui
809 3060 908 3096 solis
937 3060 1250 3105 specialissimis
1278 3060 1467 3105 assignat
1495 3061 1672 3105 propria.

369 3164 388 3198 2
417 3173 526 3198 unum
556 3164 652 3207 quod
678 3164 706 3198 A
832 3164 938 3198 26-27
966 3174 1000 3207 p.
1029 3174 1057 3197 s.
1086 3173 1117 3198 a.
1146 3165 1166 3198 i.
1195 3174 1223 3199 s.
1253 3173 1283 3198 c.
1311 3174 1339 3198 s.
1367 3165 1408 3198 A.

1931 2115 2068 2149 Boctli.

1938 2172 1972 2205 p.
1988 2164 2055 2197 190
2066 2166 2093 2198 D
