2200 3387
541 236 569 268 1.
599 234 663 267 Dic
692 234 849 266 Glosson
878 242 921 265 zu
950 233 1018 265 den
1048 233 1285 271 Katcgoricn.
1313 250 1357 253 —
1387 232 1438 264 Dc
1468 233 1681 272 quantitate.
1881 228 1946 263 179

267 341 375 377 quae
404 341 496 368 eum
526 332 777 370 manifestat.
806 330 1056 366 determinat
1083 329 1407 368 Aristotcles.
1447 329 1485 364 in
1521 338 1603 374 qua
1639 328 1944 373 significatione

268 397 385 440 logos
407 399 596 442 ponatur,
618 406 710 432 cum
733 395 830 432 dicit
846 396 963 439 logos
979 403 1077 430 csse
1099 394 1385 438 quantitatem.
1409 394 1486 429 lioc
1508 396 1572 429 est
1593 394 1631 429 in
1656 393 1944 437 designatione

267 462 436 501 tenoris.
465 472 547 498 non
577 461 821 497 intellectus.
875 460 994 505 Apud
1023 469 1100 495 nos
1122 468 1224 494 vero
1252 459 1342 503 ipso
1372 460 1479 494 teste
1503 458 1714 494 Boethio
1743 458 1944 493 orationis

267 536 418 562 nomen
446 527 553 562 hanc
580 525 973 571 aequivocationem
1008 534 1090 560 non
1126 524 1261 562 habet.
1303 523 1376 559 sed
1415 525 1573 559 tantum
1611 533 1718 568 quae
1758 523 1803 558 l'it
1840 533 1943 559 voce

229 600 246 623 5
266 591 556 637 significativa.
610 591 727 627 Unde
756 591 861 627 haec
889 589 1182 626 determinatio
1211 589 1319 634 apud
1349 598 1425 624 nos
1461 589 1705 625 necessaria
1732 598 1814 624 non
1844 591 1943 629 erat,

266 657 372 693 sicut
399 657 509 702 apud
538 657 734 697 Graecos,
763 665 870 702 quae
898 658 1037 692 tamen
1062 655 1187 691 etiam
1209 655 1319 700 apud
1342 664 1418 690 nos
1441 664 1524 690 non
1548 655 1613 690 est
1634 655 1942 700 praetermissav

266 732 318 758 ne
347 723 584 768 culparetur
611 722 794 758 mendax
822 721 1051 758 translatio.
1104 721 1220 763 Dim,
1248 720 1287 756 id
1322 722 1386 756 est
1419 720 1579 765 accipio
1614 720 1679 756 hic
1713 720 1942 756 orationem

266 788 469 832 prolatam
498 797 589 823 cum
618 797 734 828 voce,
762 787 801 823 id
830 788 895 823 est
921 786 1126 832 prolatam
1156 786 1222 826 ita,
1252 786 1361 830 quod
1391 785 1443 821 sit
1470 795 1564 821 vox.
1617 785 1717 821 Nam
1747 788 1787 821 et
1813 795 1881 822 res
1904 788 1945 822 et

266 853 501 889 intellectus
530 862 605 898 per
631 862 760 889 voces
789 852 1098 898 quodammodo
1120 851 1296 897 proferri
1319 851 1520 890 dicuntur.
1549 851 1588 887 id
1610 854 1675 887 est
1704 851 1942 897 significari.

213 928 245 952 ιο
266 918 324 955 Illi
350 928 452 954 vero
481 919 550 963 qui
578 918 657 955 hoc
685 928 838 954 nomen
866 918 976 963 quod
1004 919 1069 954 est
1095 927 1191 957 vox,
1228 917 1268 952 in
1306 916 1596 962 designatione
1637 918 1793 953 tantum
1833 917 1943 953 aeris

265 984 455 1024 retinent,
484 985 527 1019 ut
553 993 703 1029 supra
719 986 730 1008 1
759 983 1033 1022 meminimus,
1055 983 1114 1019 sic
1136 983 1352 1027 exponunt
1371 982 1603 1018 orationem
1626 983 1829 1027 prolatam
1851 993 1942 1019 cum

264 1058 381 1089 voce.
411 1049 450 1085 id
478 1050 541 1085 est
564 1050 754 1085 tenorem
776 1049 895 1085 simul
918 1048 1117 1084 emissum
1140 1057 1231 1084 cum
1255 1047 1442 1084 subiecto
1465 1048 1576 1085 ae're,
1599 1050 1639 1084 et
1660 1050 1756 1084 tunc
1778 1048 1942 1093 quidem

263 1124 348 1150 vox
377 1123 529 1150 nomen
558 1116 623 1151 est
657 1114 781 1155 aeris,
817 1114 951 1150 oratio
985 1123 1087 1150 vero
1125 1113 1368 1159 quantitatis
1401 1123 1508 1158 quae
1546 1113 1585 1149 in
1620 1114 1719 1150 aere
1754 1116 1829 1149 est.
1881 1115 1946 1150 Aa'

263 1180 435 1216 nullum
475 1180 602 1216 enim.
655 1180 882 1225 Postquam
921 1179 1116 1225 probavit
1155 1179 1206 1215 de
1247 1179 1438 1215 oratione
1480 1179 1589 1224 quod
1629 1179 1840 1224 quantitas
1881 1180 1942 1221 sit,

211 1257 243 1281 15
264 1246 457 1286 ostendit.
478 1246 588 1291 quod
612 1245 665 1282 sit
686 1246 879 1285 discreta,
902 1245 1008 1281 sicut
1029 1245 1211 1281 ostendit
1232 1245 1283 1281 de
1306 1253 1490 1280 numero.
1543 1244 1610 1280 Sic
1631 1244 1772 1291 iunge:
1801 1244 1942 1282 Oratio

264 1313 329 1348 est
355 1311 577 1357 quantitas,
615 1312 688 1347 sed
715 1321 798 1347 non
827 1312 891 1347 est
919 1311 1126 1352 continua,
1163 1320 1216 1346 ex
1245 1320 1326 1355 quo
1354 1310 1598 1355 relinquitur
1624 1310 1725 1346 satis
1753 1311 1863 1356 quod
1891 1311 1944 1347 sit

264 1376 456 1416 discreta,
485 1385 576 1412 cum
605 1377 771 1412 constet
798 1385 892 1412 eam
919 1375 1094 1411 alteram
1121 1384 1230 1411 esse.
1282 1374 1330 1410 Et
1356 1383 1456 1410 vere
1484 1384 1567 1410 non
1597 1376 1661 1410 est
1688 1375 1940 1416 continuum,

264 1441 361 1486 quia
387 1450 525 1486 neque
553 1451 630 1486 per
657 1450 919 1477 communem
948 1440 1170 1476 terminum
1198 1449 1334 1485 neque
1362 1440 1492 1476 aliter.
1545 1438 1627 1476 Sed
1655 1440 1706 1476 de
1735 1442 1942 1477 communi

263 1507 440 1543 termino
462 1508 623 1542 tantum
647 1506 840 1547 ostendit,
862 1506 1005 1542 dicens
1028 1505 1186 1541 scilicet
1208 1505 1317 1550 quod
1341 1505 1430 1541 eius
1452 1506 1594 1550 partes
1615 1506 1667 1541 ad
1690 1506 1843 1542 nullam
1865 1508 1941 1542 etc.

208 1583 243 1608 20
264 1572 357 1608 Non
379 1572 507 1608 enim.
561 1572 670 1608 Vere
692 1581 775 1608 non
798 1571 1046 1617 copulantur
1060 1572 1203 1616 partes
1226 1571 1426 1607 orationis
1448 1571 1500 1607 ad
1522 1580 1785 1607 communem
1806 1572 1943 1608 termi-

262 1646 370 1678 num,
399 1637 495 1682 quia
522 1647 605 1674 non
634 1638 699 1673 est
726 1637 956 1673 communis
982 1637 1184 1673 terminus
1212 1636 1264 1672 ad
1286 1646 1409 1681 quem
1437 1636 1694 1681 copulentur.
1746 1637 1781 1673 A
1802 1647 1940 1674 causa.

261 1702 343 1738 Sed
368 1712 656 1748 unaquaeque
681 1703 849 1747 syllaba
875 1702 1111 1738 secundum
1137 1712 1180 1738 se
1206 1702 1344 1747 ipsam
1373 1702 1510 1738 divisa
1540 1704 1597 1738 es!
1634 1702 1686 1738 ab
1714 1703 1857 1744 altera,
1885 1703 1941 1739 ita

263 1767 422 1803 scilicet
448 1769 535 1804 tota
561 1768 602 1804 in
631 1778 677 1804 se
705 1768 956 1809 consistens,
984 1769 1028 1803 ut
1055 1768 1173 1804 alteri
1201 1776 1275 1812 per
1302 1767 1657 1804 continuationem
1686 1778 1769 1804 non
1791 1769 1941 1805 cohae-

262 1834 362 1869 reat.
415 1832 503 1869 Non
533 1833 641 1870 enim
670 1835 754 1870 tam
782 1834 895 1870 celer
921 1834 1057 1869 motus
1086 1834 1150 1869 est
1176 1833 1343 1879 linguae
1371 1834 1423 1869 ad
1451 1833 1757 1869 verberandum
1786 1834 1938 1876 aerem,

207 1909 242 1935 25
261 1899 305 1933 ut
331 1907 414 1934 non
443 1898 495 1934 sit
521 1899 661 1944 aliqua
688 1908 805 1935 mora
832 1898 873 1934 in
900 1898 1204 1944 prolationibus
1233 1899 1498 1943 syllabarum.

407 1964 536 2000 Linea
576 1974 685 2000 vero.
736 1964 835 2000 Post
874 1964 1130 2000 discretas
1170 1964 1425 2009 quantitates
1465 1965 1614 2000 tractat
1654 1965 1939 2007 continuas,
1967 1949 2135 2033 Βῖξᾶἑιὶὶ

261 2038 436 2074 quarum
473 2031 515 2065 et
552 2039 629 2066 nos
671 2031 861 2066 naturam
901 2030 1121 2076 diligenter
1156 2029 1425 2074 inquiramus.
1477 2029 1537 2065 Ac
1576 2030 1752 2075 primum
1791 2023 1939 2073 lineae,
1969 2009 2038 2041 p...

261 2094 501 2140 superficiei
529 2096 569 2131 et
596 2095 795 2140 corporis,
824 2104 931 2140 quae
958 2095 1038 2131 tria
1060 2104 1114 2131 ex
1134 2096 1288 2140 puncto
1310 2095 1429 2131 nasci
1449 2105 1498 2132 ac
1519 2096 1712 2132 constitui
1733 2096 1938 2136 videntur,

261 2159 357 2196 licet
382 2160 422 2196 id
450 2160 679 2197 auctoritas
713 2170 796 2196 non
830 2161 1022 2197 habeatss.
1074 2160 1273 2197 Punctum
1308 2170 1410 2197 vero
1448 2162 1514 2197 est
1552 2163 1660 2198 teste
1696 2162 1940 2199 Boethio3

206 2242 242 2266 30
263 2225 471 2270 quoddam
507 2226 813 2271 parvissimum,
849 2225 958 2271 quod
994 2226 1035 2262 in
1069 2227 1211 2271 partes
1248 2225 1375 2262 dividi
1411 2227 1632 2272 secarique
1668 2237 1752 2263 non
1789 2230 1938 2273 potest.

263 2290 381 2331 Quod
397 2300 488 2327 cum
504 2291 658 2327 nullam
675 2291 795 2327 trium
812 2291 1116 2328 dimensionum
1132 2292 1297 2330 habeat.
1320 2292 1415 2336 quia
1436 2292 1595 2328 scilicet
1615 2302 1752 2338 neque
1769 2293 1937 2339 longum

263 2364 399 2400 neque
435 2356 560 2392 latum
595 2366 732 2402 neque
767 2357 955 2402 spissum,
989 2357 1101 2393 linea
1139 2357 1191 2393 ab
1229 2367 1279 2393 eo
1320 2367 1403 2394 una
1442 2358 1704 2394 dimensione
1741 2359 1936 2399 abundat,

264 2420 420 2456 scilicet
446 2421 713 2467 longitudine.
766 2422 884 2458 Unde
911 2422 1183 2459 Boethius4
1210 2423 1315 2465 <ait>
1342 2423 1493 2459 lineam
1518 2433 1615 2460 esse
1637 2424 1937 2469 longitudinem

263 2485 353 2521 sine
380 2485 606 2528 latitudine,
636 2487 676 2523 id
704 2489 769 2524 est
796 2487 1069 2532 quantitatem
1096 2489 1264 2534 longam
1298 2490 1339 2525 et
1371 2498 1455 2525 non
1492 2489 1630 2525 latam.
1683 2489 1936 2535 Superiicies

208 2567 242 2592 ³5
263 2559 364 2587 vero
387 2561 493 2596 quae
516 2554 580 2588 est
600 2552 772 2589 latitudo
796 2553 885 2589 sine
907 2553 1190 2598 spissitudine,
1212 2554 1372 2590 duabus
1394 2554 1723 2591 dimensionibus
1740 2557 1935 2600 punctum

262 2618 441 2661 superat.
470 2617 621 2662 quippe
649 2619 692 2653 et
724 2618 848 2664 longa
878 2620 943 2654 est
970 2620 1011 2655 et
1046 2619 1141 2661 lata,
1179 2628 1330 2665 corpus
1353 2629 1454 2656 vero
1482 2620 1624 2661 tribus,
1653 2620 1751 2665 quia
1777 2620 1936 2657 scilicet

263 2683 304 2717 et
330 2681 498 2726 longum
525 2684 566 2718 et
593 2682 718 2718 latum
747 2684 788 2719 et
815 2684 1007 2728 spissum,
1036 2685 1265 2721 secundum
1293 2694 1398 2730 quas
1436 2687 1521 2721 tres
1549 2685 1834 2722 dimensiones
1872 2695 1936 2722 so-

262 2746 386 2782 lidam
414 2747 687 2792 quantitatem
715 2757 867 2793 corpus
892 2758 1106 2785 vocamus.

405 2812 521 2848 Nunc
555 2814 692 2849 autem
729 2813 913 2850 rationes
946 2814 1172 2850 afferamus
1201 2815 1350 2860 quibus
1388 2815 1538 2852 lineam
1567 2817 1632 2852 vel
1670 2816 1933 2861 superficiem

207 2892 242 2917 40
263 2878 327 2913 vel
350 2887 501 2922 corpus
523 2887 576 2913 ex
599 2878 761 2923 punctis
783 2881 978 2915 constare
1000 2880 1270 2916 ostendamus
1292 2882 1333 2916 et
1354 2881 1563 2916 contraria
1585 2881 1677 2917 huic
1699 2882 1934 2918 sententiae

263 2942 507 2979 diluamus-³.
559 2943 665 2979 Dicit
701 2943 942 2980 Boethius
979 2945 1020 2980 in
1057 2944 1382 2987 Commento⁶‚
1423 2946 1457 2981 si
1496 2946 1606 2982 linea
1645 2946 1855 2982 dividatur
1893 2947 1932 2983 in

407 3069 415 3091 ¹
447 3071 497 3103 Cf.
514 3079 636 3111 supra
653 3081 684 3111 p.
702 3071 815 3103 17431.
867 3071 881 3092 “-’
903 3072 1065 3109 Abacl..
1091 3073 1254 3109 Diales-t..
1272 3082 1305 3113 p.
1322 3074 1396 3104 180.
1448 3072 1463 3093 ³
1491 3073 1639 3105 Boeth.
1663 3073 1684 3105 I.
1701 3083 1740 3110 e„
1763 3083 1796 3114 p.
1811 3073 1876 3106 204
1894 3074 1931 3107 C.

404 3129 417 3151 ⁴
444 3130 594 3163 Bocth.
618 3130 639 3162 I.
662 3140 688 3162 c.
865 3130 879 3152 ὃ
906 3131 1057 3163 Abael.
1087 3131 1108 3164 l.
1137 3134 1334 3173 c.,p.181.
1447 3131 1461 3153 ‘⁵
1489 3133 1637 3165 Boeth.
1667 3133 1689 3165 I.
1717 3142 1744 3165 e.
