2200 3387
514 235 543 264 '.'.
575 233 637 264 ilie
666 233 823 264 (ilossen
853 242 895 264 zu
925 233 992 264 (len
1025 232 1257 271 lx'atvgorivn.
1312 250 1327 251 w
1360 232 1410 263 lle
1437 233 1654 264 substantia.
1859 229 1925 263 149

247 330 458 374 aliquam.
488 330 601 365 Sicut
618 329 800 365 ostendit
821 329 1165 373 specialissimam
1182 329 1362 373 speciem
1384 329 1514 372 magis
1532 340 1627 364 esse
1650 329 1923 364 substantiam

248 404 369 439 (niam
393 405 510 430 suum
533 405 677 438 genus.
701 395 755 430 ita
776 394 899 430 etiam
923 394 1106 430 ostendit
1128 394 1421 429 subalternam.
1453 394 1700 429 lemlale'aela·1·is
1714 395 1925 439 aliquam,

251 460 286 495 id
316 462 381 495 est
408 460 712 504 significaveris
745 459 961 504 appellans
994 459 1104 494 illam
1142 459 1280 503 aliquo
1320 459 1485 494 nomine
1526 469 1613 496 suo.
1656 460 1926 495 reecttairvstius

248 525 504 569 appellante.
533 525 569 560 id
599 527 663 560 est
690 525 842 560 certius
872 524 1116 560 nominabis.

393 596 489 632 lllud
518 595 694 640 amplius
722 595 832 640 quod
860 595 1053 634 ostendit,
1082 595 1239 631 seilicet
1264 595 1371 640 quod
1402 595 1568 640 species
1595 598 1659 630 est
1681 595 1812 638 magis
1834 596 1926 631 sub-

249 661 403 696 stantia
430 670 552 706 quam
581 670 725 705 genuS,
755 661 835 696 alio
864 661 986 696 modo
1015 661 1246 698 confirmat.
1284 670 1358 705 per
1394 660 1498 696 bane
1533 660 1693 696 scilicet
1727 660 1924 695 maiorem

249 726 556 762 similitudinem
586 736 707 771 quam
738 726 891 762 habent
919 736 1009 762 cum
1039 726 1180 771 primis
1209 726 1453 762 substantiis
1475 736 1598 771 quam
1620 735 1789 770 genera,
1817 726 1925 770 quod

249 801 341 827 cum
371 791 527 836 primae
556 791 818 827 substantiae
841 792 1022 827 maxime
1045 778 1126 827 sint
1148 792 1392 836 suppositae
1422 794 1546 836 atque
1578 801 1631 827 ex
1663 801 1714 827 eo
1737 791 1928 827 dicantur

250 857 430 893 maxime
457 857 719 893 substantiae
748 859 787 892 et
821 857 1009 892 similiter
1045 857 1211 902 species
1249 856 1380 901 magis
1415 857 1495 892 sint
1532 856 1775 901 suppositae
1803 866 1925 902 quam

199 929 230 953 ιο
249 931 417 967 genera.
452 921 584 966 magis
619 924 716 957 sunt
754 921 792 957 in
830 921 1118 966 suppositione
1153 922 1309 957 similes
1343 921 1484 966 primis
1523 921 1767 957 substantiis
1805 930 1925 966 quam

200 1260 230 1284 15

197 1591 231 1616 20

247 996 416 1032 genera.
462 986 509 1022 Et
531 996 583 1022 ex
607 987 683 1022 hac
699 996 863 1032 quoque
881 987 1027 1023 maiori
1047 987 1314 1023 similitudine
1337 987 1468 1033 magis
1490 987 1751 1023 substantiae
1774 987 1928 1023 debent

250 1051 339 1088 dici.
392 1051 438 1087 Et
465 1052 543 1088 boc
577 1054 641 1088 est
674 1052 783 1097 quod
821 1052 895 1088 ait:
933 1053 1146 1097 Amplius,
1183 1052 1222 1088 id
1250 1054 1315 1088 est
1342 1053 1477 1089 adhuc
1505 1052 1614 1088 idem
1643 1052 1820 1088 ostendo
1848 1053 1929 1088 alia

250 1117 328 1156 via.
356 1117 465 1162 quod
493 1117 652 1153 scilicet
679 1117 845 1162 species
873 1117 1005 1163 magis
1042 1120 1106 1153 est
1143 1118 1379 1154 substantia
1415 1127 1536 1162 quam
1575 1127 1718 1163 genus.
1771 1118 1929 1154 Princi—

248 1182 370 1227 pules
406 1183 673 1218 substantiae
717 1194 765 1218 eo
805 1183 922 1228 quod
956 1184 1060 1219 aliis
1099 1184 1300 1219 ommibus
1331 1184 1541 1219 ψαύει-[αι’
1579 1185 1690 1225 sunl,
1729 1183 1818 1219 sive
1856 1193 1930 1229 per

251 1248 605 1293 praedicationem
634 1248 724 1284 sive
753 1258 827 1293 per
859 1249 1146 1285 fundationem
1174 1251 1250 1285 etc.
1301 1249 1417 1285 Sis-ut.
1451 1251 1606 1285 (uitem.
1659 1249 1732 1285 Hic
1761 1249 1930 1294 adaptat

251 1313 558 1349 similitudinem
593 1313 827 1358 specierum
863 1314 915 1350 ad
955 1314 1108 1358 primas
1145 1315 1414 1352 substantias,
1455 1315 1494 1350 in
1533 1324 1583 1351 eo
1624 1315 1782 1350 scilicet
1820 1314 1929 1359 quod

252 1378 372 1414 sicuti
399 1379 557 1423 primae
585 1379 846 1416 substantiae
876 1380 1056 1416 maxime
1085 1381 1181 1416 sunt
1208 1380 1463 1425 suppositae,
1501 1380 1558 1416 ita
1595 1380 1760 1425 species
1797 1379 1930 1425 magis

251 1454 373 1489 quam
401 1454 559 1489 genera
586 1447 681 1481 sunt
709 1445 963 1490 suppositae,
1001 1445 1098 1490 quia
1126 1455 1217 1481 cum
1247 1445 1363 1491 ipsae
1402 1455 1567 1490 quoque
1605 1445 1769 1491 species
1807 1455 1931 1491 gene-

250 1510 363 1545 ribus
403 1520 478 1569 pe!
516 1510 873 1555 praedicationem
910 1513 1209 1556 supponantur,
1247 1520 1405 1557 genera
1441 1511 1479 1547 ei
1517 1521 1599 1547 non
1637 1511 1932 1547 submittuntur

253 1575 401 1611 eodem
430 1576 564 1611 modo.
616 1576 810 1612 διώξασα
844 1576 971 1612 enim.
1026 1576 1136 1612 Vere
1174 1576 1340 1622 species
1377 1576 1526 1613 eodem
1563 1577 1686 1613 modo
1723 1586 1769 1612 se
1806 1576 1932 1612 habet

252 1640 304 1676 ad
331 1650 475 1685 genus,
503 1641 601 1686 quia
628 1642 732 1677 haec
759 1642 908 1678 eodem
936 1641 1059 1677 modo
1088 1641 1230 1688 [quod]
1268 1642 1470 1684 subiacet,
1502 1642 1541 1678 id
1569 1643 1634 1678 est
1670 1642 1927 1687 supponitur.

251 1706 408 1751 generi.
460 1705 507 1742 Et
534 1716 634 1743 vere
662 1707 917 1752 supponitur.
940 1707 1038 1752 quia
1059 1717 1134 1752 per
1154 1707 1523 1752 praedicationem.
1575 1708 1608 1743 A
1630 1709 1759 1753 parte.
1812 1708 1930 1747 Quod

252 1781 277 1806 a
304 1771 488 1807 relativis
517 1772 699 1808 ostendit
720 1772 881 1808 dicens:
933 1772 1095 1808 Genera
1120 1782 1320 1818 nczmque,
1345 1773 1504 1818 speeies
1524 1775 1682 1816 (tutem,
1709 1775 1751 1809 ut
1772 1773 1932 1809 scilicet

253 1837 304 1872 de
331 1845 487 1882 genere
516 1837 809 1882 praedicentur
846 1839 888 1873 ut
921 1838 972 1874 de
1009 1838 1228 1874 contentis.
1280 1838 1424 1881 Quare
1457 1841 1493 1875 et
1529 1848 1576 1874 es
1612 1839 1687 1874 his.
1740 1838 1931 1879 Quando-

198 1916 231 1940 εἷ,
254 1902 419 1947 quidem
457 1903 623 1947 species
660 1903 792 1948 magis
829 1903 1083 1939 conveniunt
1123 1903 1162 1939 in
1203 1885 1492 1949 suppositione
1531 1913 1623 1940 cum
1663 1904 1803 1949 primis
1839 1904 1931 1940 sub-

199 2250 233 2273 :30

252 1967 414 2003 stantiis
442 1978 565 2013 quam
591 1978 760 2013 genera.
788 1978 888 2013 ergo
910 1969 1086 2014 apparet
1113 1979 1167 2005 ex
1189 1969 1252 2005 his
1274 1979 1382 2014 quae
1402 1969 1628 2005 novissime
1651 1969 1830 2005 diximus
1853 1971 1930 2006 etc.

254 2033 287 2069 A
314 2042 454 2069 causa.
507 2033 625 2074 Quod
653 2034 762 2070 enim
791 2034 847 2070 ita
875 2036 950 2076 est,
979 2044 1108 2070 causa
1136 2036 1210 2075 est,
1239 2044 1368 2080 quare
1396 2035 1494 2070 illud
1521 2035 1737 2071 iudicetur.

396 2105 598 2149 Ipsarum
624 2116 732 2141 vero.
785 2105 1008 2151 Postquam
1036 2106 1218 2142 ostendit
1239 2106 1291 2142 de
1319 2106 1515 2142 secundis
1541 2106 1794 2146 substantiis,
1822 2116 1930 2151 quae

255 2170 385 2215 magis
412 2170 476 2207 vel
506 2171 641 2206 minus
669 2171 931 2208 substantiae
959 2171 1052 2211 sint,
1081 2172 1266 2208 ostendit
1287 2181 1395 2217 quae
1416 2172 1650 2217 aequaliter
1670 2172 1931 2208 substantiae

254 2235 346 2274 sint.
374 2236 532 2272 scilicet
559 2236 725 2281 species
753 2236 1094 2281 specialissimae,
1122 2237 1179 2273 ita
1206 2237 1401 2273 videlicet
1428 2237 1537 2282 quod
1558 2237 1691 2273 altera
1713 2246 1856 2273 eorum
1878 2247 1931 2273 ex

255 2310 306 2337 eo
333 2301 443 2346 quod
471 2302 635 2346 species
662 2304 768 2340 sunt.
797 2312 879 2338 non
902 2302 1217 2338 determinatius
1238 2312 1326 2338 rem
1348 2303 1579 2339 subiectam
1602 2302 1788 2339 nominat
1809 2312 1931 2348 quam

255 2366 397 2402 altera.
458 2366 576 2407 Quod
613 2367 796 2404 ostendit
832 2368 870 2403 in
908 2368 1095 2413 partibus
1139 2368 1301 2404 dicens:
1344 2368 1458 2404 Nihil
1497 2368 1627 2410 enim,
1666 2368 1705 2403 id
1746 2369 1810 2404 est
1848 2377 1932 2403 non

256 2431 409 2467 certius
425 2432 655 2468 nominabit
675 2433 854 2478 aliquem
878 2433 1085 2469 hominem
1110 2433 1366 2469 enuntiando
1388 2434 1467 2469 hoc
1489 2443 1641 2469 nomen
1664 2434 1786 2469 homo
1809 2442 1931 2478 quam

256 2496 434 2541 aliquem
472 2506 622 2542 equum
651 2498 906 2534 enuntiando
944 2508 1107 2543 equum.
1158 2499 1370 2534 Similiter
1401 2501 1557 2534 autem.
1623 2498 1736 2535 Sicut
1768 2499 1932 2544 species

202 2577 209 2596 ⁴.
257 2560 582 2605 specialissimas
605 2561 713 2598 inter
733 2572 779 2598 se
801 2565 1066 2607 comparatas
1089 2563 1273 2598 ostendit
1293 2563 1525 2608 aequaliter
1546 2572 1642 2599 esse
1665 2563 1932 2600 substantias,

257 2626 337 2666 <ita
365 2626 488 2662 etiam
517 2627 767 2673 principales
789 2629 1082 2668 substantias.)
1102 2638 1194 2664 cum
1216 2628 1411 2664 videlicet
1432 2628 1683 2673 singularem
1706 2638 1794 2664 rem
1815 2638 1930 2664 suam

258 2692 485 2727 secundum
515 2693 780 2737 personalem
809 2693 1106 2729 discretionem
1135 2694 1378 2732 certificent.
1416 2693 1510 2730 licet
1537 2694 1655 2738 plura
1682 2693 1933 2738 quandoque

258 2757 507 2793 determinet
529 2767 610 2793 una
631 2768 753 2802 quam
781 2758 881 2801 alia;
904 2758 908 2802 1
934 2769 1028 2794 nam
1057 2759 1122 2795 hic
1144 2759 1267 2795 homo
1295 2760 1436 2804 plures
1468 2759 1598 2794 innuit
1625 2759 1781 2794 formas
1809 2767 1932 2803 quam

259 2822 336 2857 lioc
363 2822 515 2858 animal
544 2823 609 2859 vel
644 2823 722 2860 hoc
758 2833 908 2869 corpus
948 2834 1025 2860 nec
1059 2825 1166 2860 istud
1202 2824 1326 2860 etiam
1364 2834 1417 2860 ex
1456 2826 1604 2860 natura
1644 2824 1801 2869 primae
1841 2823 1933 2859 sub-

258 2887 437 2923 stantiae
475 2888 686 2932 contingit,
723 2889 820 2933 quia
855 2889 1012 2925 scilicet
1046 2890 1150 2925 haec
1188 2889 1326 2934 plures
1355 2889 1508 2925 formas
1536 2898 1658 2934 quam
1697 2888 1764 2924 illa
1800 2888 1932 2924 deter-

406 3034 445 3065 14
475 3034 643 3066 omnibus
677 3033 804 3066 Boelh.
833 3034 1039 3066 nominibus
1066 3034 1092 3066 A
1243 3034 1283 3066 21
1320 3032 1427 3074 haec]
1460 3034 1529 3066 hoc
1555 3033 1582 3066 A
1709 3034 1752 3066 23
1789 3033 1935 3066 Genera

262 3093 389 3125 Boetia.
418 3093 549 3125 Omnia
576 3093 603 3125 Α
704 3094 747 3125 30
775 3102 900 3126 earum
928 3093 968 3125 Α.

1959 1014 2093 1049 Boetli.

1958 1073 1991 1105 p.
2007 1063 2072 1096 1⁸?
2089 1062 2115 1096 A

1959 2082 2092 2116 Boeth.

1959 2140 1993 2173 p.
2008 2131 2072 2164 1³7
2088 2129 2118 2163 D

1961 2761 1983 2793 s.
2014 2762 2083 2793 210
