2200 3387
157 1575 192 1599 ‘gii

158 1900 173 1924 Ιὺ

157 2226 191 2250 31)

474 234 503 264 2.
533 231 597 265 Die
625 229 782 264 Glossen
811 240 853 262 zu
881 231 950 263 den
981 231 1214 270 Kategorien.
1317 231 1367 264 oe
1394 233 1610 265 substantia.
1825 231 1885 266 161

359 329 450 364 Sed
476 329 629 365 dicitu
642 339 660 364 ι·
681 339 704 364 a
727 327 1041 373 quibusdum,
1058 329 1165 372 quod
1190 329 1470 374 susceptibilis
1493 330 1639 366 dieitur
1660 331 1891 367 substantia

216 397 453 438 quantum
489 395 545 430 ad
590 393 1036 432 sustentationem.
1078 403 1169 428 non
1206 396 1439 438 quantum
1481 395 1537 430 ad
1580 396 1890 431 informatio-

218 462 358 494 nem1.
412 459 570 495 Albedo
600 468 699 494 vero
734 468 810 494 nec
847 457 984 502 aliqua
1021 457 1154 493 forma
1189 461 1427 494 sustentare
1466 470 1545 494 non
1585 460 1719 496 liabet.
1775 461 1890 496 llnde

219 524 455 560 Boethius
476 524 514 560 in
536 524 743 568 'l‘opicis·-':
773 523 944 561 albedo.
974 523 1114 567 inquit,
1137 523 1258 558 nullis
1279 523 1566 560 accidentibus
1595 525 1782 561 subiecta
1803 529 1889 561 est:

358 589 451 625 Sed
480 588 764 634 opponitur.
798 588 906 633 quod
941 588 974 623 si
1010 588 1048 623 in
1085 589 1340 633 proprietate
1381 589 1639 625 substantiae
1681 591 1891 635 ,suscepti-

217 654 320 690 bilis·
349 654 523 690 sumitur
549 656 745 698 quantum
774 653 825 689 ad
860 653 1219 691 sustentationem.
1255 664 1328 698 pro
1364 654 1488 689 nihilo
1516 655 1823 690 Aristoteles
1851 656 1888 691 in

216 719 575 765 sequentibus³
608 719 659 754 ad
689 718 974 754 exclusionem
1006 717 1207 753 orationis
1237 719 1301 754 vel
1331 719 1564 755 intellectus
1593 720 1780 764 apponit:
1819 730 1891 759 ,se-

215 785 391 820 cundum
420 784 482 820 sui
511 783 803 819 mutationem!
855 782 903 818 Et
936 783 1076 819 dicunt
1112 783 1219 819 lianc
1256 783 1637 820 denominationem
1676 795 1757 821 non
1797 785 1890 821 ideo

214 850 380 894 apponi.
408 849 517 894 quod
545 849 595 884 sit
622 848 934 886 neccssaria.
963 851 1004 884 ut
1032 849 1262 885 orationem
1293 849 1358 885 vel
1385 850 1636 886 intellectum
1667 852 1890 896 ceteraque

214 924 322 959 quae
349 913 608 949 substantiae
637 923 718 948 non
748 914 854 951 sunt.
882 913 1094 956 excludat;
1123 913 1276 958 quippe
1304 913 1383 949 iam
1413 915 1553 950 omnia
1580 925 1655 959 per
1682 916 1891 960 ,suscepti-

214 979 305 1014 bile·
334 981 430 1014 sunt
457 978 640 1015 exclusa.
678 978 752 1014 sed
788 977 923 1023 potius
964 980 1006 1013 ut
1042 978 1273 1014 satisfaciat
1309 978 1608 1023 importunitati
1646 980 1890 1020 adversarii,

213 1044 281 1089 qui
309 1044 474 1089 quidem
503 1044 622 1080 aliter
649 1053 729 1079 non
758 1043 1061 1088 adquiesceret.
1101 1043 1175 1078 nisi
1214 1043 1394 1088 aliquem
1434 1045 1597 1080 modum
1635 1045 1889 1090 suscipiendi

213 1109 421 1145 diversum
449 1109 687 1155 assignaret
714 1109 804 1144 istis
832 1118 954 1153 quam
989 1108 1234 1144 substantiis
1249 1111 1273 1147 ⁴.
1326 1108 1456 1149 Quam
1495 1109 1617 1146 etiam
1652 1110 1892 1155 importuni-

214 1175 340 1210 tatem
368 1174 472 1210 satis
500 1174 674 1210 innuere
703 1173 866 1210 videtur
893 1173 1037 1210 dicens
1053 1177 1086 1209 5:
1117 1174 1212 1213 ,Nisi
1241 1173 1333 1219 quis
1362 1174 1535 1211 forsitan
1562 1175 1688 1211 instet
1716 1176 1889 1219 dicens·;

177 1250 193 1273 ε.
214 1240 369 1277 instare
398 1240 506 1276 enim
530 1240 856 1285 importunorum
879 1239 1043 1284 proprie
1065 1239 1229 1275 videtur
1250 1239 1339 1275 dici.
1392 1239 1586 1276 Similiter
1606 1250 1696 1276 cum
1718 1241 1891 1286 replicat

212 1305 492 1351 frequenter·³:
531 1305 624 1343 ,Sed
653 1309 694 1341 et
721 1305 755 1341 si
784 1305 875 1350 quis
912 1305 990 1341 hoc
1025 1305 1248 1350 suscipiat*=
1285 1304 1639 1349 importunitatem
1676 1306 1889 1342 insinuare

214 1371 386 1407 videtur.
439 1371 557 1411 Quod
595 1371 734 1416 itaque
771 1371 958 1416 apponit:
997 1371 1228 1406 secandune
1267 1371 1336 1406 sm·
1374 1371 1672 1413 mutationem,
1706 1381 1788 1408 non
1826 1374 1891 1409 est

213 1437 510 1475 necessarium.
550 1439 593 1472 ut
632 1436 862 1473 orationem
900 1436 966 1472 vel
1003 1436 1256 1472 intellectum
1300 1437 1526 1480 ceteraque
1567 1436 1773 1477 excludat,
1814 1438 1888 1474 sed

213 1502 361 1547 potius,
389 1504 432 1538 ut
459 1501 701 1538 satisfaciat.
753 1501 854 1538 Nam
882 1501 923 1537 in
951 1510 1001 1537 eo
1030 1501 1140 1546 quod
1167 1501 1241 1536 ait:
1282 1510 1418 1542 ,unum
1455 1508 1640 1538 numero·
1675 1503 1741 1538 vel
1778 1504 1888 1548 quod

213 1567 422 1612 apposuit:
451 1567 774 1607 ‚contrariorum
802 1567 884 1603 iam
911 1568 1000 1603 erat
1021 1567 1194 1602 exclusa
1216 1566 1348 1602 oratio
1377 1567 1443 1602 vel
1469 1567 1714 1606 intellectus,
1737 1568 1889 1614 quippe

212 1632 356 1670 oratio.
385 1641 492 1677 quae
526 1632 734 1677 profertur
769 1632 945 1668 sedente
982 1631 1154 1668 Socrate
1193 1633 1234 1667 et
1271 1641 1378 1676 quae
1416 1632 1624 1677 profertur
1660 1642 1710 1668 eo
1739 1635 1888 1675 stante,

213 1707 295 1733 non
323 1699 388 1733 est
415 1698 562 1733 eadem
591 1707 775 1737 numero,
813 1697 1001 1733 similiter
1027 1706 1105 1733 nec
1132 1697 1380 1737 intellectus,
1408 1697 1477 1742 qui
1504 1698 1601 1733 tunc
1629 1699 1670 1734 et
1696 1699 1793 1734 tunc
1821 1699 1890 1735 ha-

212 1763 391 1803 beretur,
430 1763 538 1798 idem
580 1764 642 1798 est
681 1762 972 1804 essentialiter,
1013 1763 1088 1798 sed
1127 1762 1260 1807 magis
1301 1762 1530 1798 secundum
1570 1763 1780 1799 hominum
1822 1773 1888 1800 ac-

212 1827 475 1871 cept1011en1⁷
514 1827 619 1863 haec
655 1827 850 1863 identitas
887 1826 1188 1862 consideratur.
1247 1825 1400 1862 Verum
1441 1836 1607 1871 quoque
1647 1829 1688 1863 et
1727 1828 1887 1870 falsum,

177 1901 192 1925 ε»
213 1902 320 1937 quae
348 1892 524 1928 orationi
561 1892 826 1930 conveniunt,
863 1892 1073 1928 contraria
1107 1901 1189 1927 non
1226 1893 1330 1929 sunt.
1371 1891 1467 1936 quia
1504 1892 1652 1927 eadem
1690 1893 1810 1928 simul
1847 1895 1888 1928 et

212 1967 356 1993 verum
384 1957 593 2002 significat
625 1959 666 1993 et
698 1958 846 1993 l'alsum
883 1957 990 1993 sicut
1027 1956 1270 2002 multiplices
1308 1956 1635 2001 propositiones;
1676 1957 1751 1993 sed
1792 1958 1887 2002 quia

211 2032 286 2068 pro
313 2022 531 2058 contrariis
558 2023 868 2068 reputabantur,
905 2021 965 2058 sic
997 2022 1048 2058 de
1081 2022 1172 2057 istis
1200 2021 1320 2066 quasi
1347 2022 1398 2057 de
1426 2022 1644 2058 contrariis
1682 2023 1887 2067 opposuit.

212 2087 436 2124 Praeterea
451 2090 598 2124 etcum
614 2087 679 2123 hic
695 2087 745 2123 de
767 2087 956 2123 cranone
972 2087 1249 2132 quantitativa
1263 2088 1371 2132 agat,
1393 2096 1477 2123 non
1490 2087 1541 2122 de
1563 2087 1827 2124 substantiali
1844 2108 1884 2112 —

212 2153 364 2198 quippe
391 2153 653 2189 substantiali
680 2162 846 2198 quoque
865 2152 1092 2189 convenire
1114 2152 1238 2188 debet
1258 2152 1363 2188 haec
1384 2151 1628 2197 proprietas,
1651 2152 1747 2197 quia
1768 2153 1888 2189 aliter

212 2226 294 2253 non
321 2217 567 2254 conveniret
594 2217 705 2253 omni
733 2217 994 2253 substanti‘ae
1022 2226 1100 2253 nec
1128 2217 1209 2253 ulla
1236 2218 1352 2253 esset
1379 2216 1598 2261 oppositio.
1626 2216 1705 2252 nisi
1732 2217 1785 2253 de
1806 2217 1888 2253 alia

211 2291 256 2318 re
292 2292 414 2327 quam
451 2283 502 2318 de
538 2283 773 2319 substantia
808 2284 1042 2328 opponeret
1071 2304 1110 2308 —
1139 2283 1249 2328 quod
1290 2283 1347 2319 ait
1386 2282 1703 2328 quantitativam
1743 2292 1886 2319 veram

212 2356 309 2383 esse
336 2348 402 2383 vel
430 2348 588 2387 falsam.
624 2348 757 2394 magis
792 2348 1030 2393 opinionem
1068 2348 1187 2393 sequi
1214 2348 1378 2384 videtur
1404 2357 1527 2393 quam
1560 2347 1620 2383 rei
1654 2347 1886 2384 veritatem.

213 2412 374 2457 Quippe
401 2412 610 2457 quantitas
637 2413 729 2459 ipsa
755 2422 892 2458 neque
920 2423 1075 2450 sonare
1096 2414 1260 2449 videtur
1287 2423 1422 2458 neque
1450 2412 1583 2449 audiri
1605 2422 1741 2458 neque
1764 2413 1887 2459 signi-

213 2476 352 2514 ficare.
379 2477 454 2513 sed
481 2478 556 2513 aer
582 2479 738 2514 tantum
767 2479 832 2514 cui
859 2479 951 2524 ipsa
977 2479 1153 2517 adiacet,
1190 2478 1268 2514 nisi
1302 2478 1408 2514 forte
1436 2478 1528 2523 quis
1562 2477 1602 2513 in
1641 2487 1691 2514 eo
1728 2478 1886 2523 quanti—

179 2555 193 2576 ·.
214 2542 340 2578 tatem
368 2541 606 2586 significare
628 2542 738 2578 dicat
765 2542 874 2587 quod
901 2543 1066 2579 adiacet
1093 2543 1181 2579 aeri
1208 2542 1470 2588 significanti.
1523 2541 1604 2578 Sed
1626 2551 1699 2577 cur
1725 2552 1807 2578 non
1836 2542 1887 2578 si-

215 2605 363 2641 militer
383 2603 497 2642 color
517 2606 646 2652 ipsius
668 2607 778 2643 aeris
795 2608 859 2644 vcl
882 2609 1092 2652 quaelibet
1112 2608 1242 2653 ipsius
1264 2608 1397 2643 forma
1418 2607 1656 2652 significare
1679 2607 1886 2643 dicetur-*1²

355 2670 455 2706 Cum
484 2671 622 2716 itaque
651 2672 957 2708 Aristoteles
985 2674 1216 2709 orationem
1245 2674 1311 2709 vel
1338 2672 1591 2708 intellectum
1626 2681 1723 2708 esse
1761 2681 1885 2707 unum

359 2812 399 2842 1⁸
427 2812 464 2842 ut
490 2811 584 2843 ratio
611 2811 813 2843 orationem
844 2812 872 2842 A
973 2813 1016 2843 30
1044 2810 1130 2851 alial
1159 2812 1284 2852 aliqua
1310 2811 1338 2843 A

356 2880 364 2901 ¹
395 2881 558 2918 Abuoi„
588 2882 696 2918 Diui..
725 2891 759 2922 p.
786 2883 849 2914 175
877 2891 909 2914 v.
941 2883 981 2914 lli
998 2891 1080 2923 sqq.

354 2940 368 2960 “-’
396 2940 556 2977 Hoetu..
590 2940 640 2972 ne
663 2941 740 2973 diss.
769 2942 855 2981 top..
887 2942 939 2973 l’l.
967 2942 1022 2977 (Η,
1054 2942 1141 2973 1187
1161 2942 1197 2973 C.

354 2999 369 3019 1¹
396 2999 558 3035 l3oetli.,
590 2999 630 3031 111
660 3001 795 3038 valva..
824 3009 857 3040 p.
890 3000 1002 3032 1981),
1103 2999 1114 3020 ’1
1143 2999 1307 3033 Abael..
1337 2999 1446 3035 mal..
1476 3008 1507 3039 p.
1539 2999 1603 3030 1715
1633 3008 1664 3031 v.
1693 2999 1712 3029 3
1725 3007 1807 3039 sqq.

355 3057 369 3078 ·''
397 3059 542 3090 Boeth.
572 3059 594 3090 I.
622 3068 661 3094 e..
691 3068 723 3099 p.
756 3059 870 3091 19811,
992 3058 1007 3078 ’ἶ
1035 3059 1182 3090 ΠουῐΙι.
1211 3059 1233 3090 I.
1262 3068 1300 3094 r..
1330 3068 1362 3098 p.
1395 3060 1457 3090 ltlb'
1475 3059 1511 3089 (Π

354 3115 367 3137 7
395 3117 559 3155 Abacl..
582 3117 692 3154 Dim..
715 3127 749 3158 p.
775 3118 837 3149 177
861 3126 893 3150 ν.
919 3119 1066 3149 15-16.
1172 3120 1185 3134 “
1212 3117 1375 3153 Abacl..
1399 3118 1508 3153 Diui..
1531 3127 1565 3157 p.
1591 3118 1655 3149 190
1678 3126 1710 3150 v,
1733 3117 1884 3152 :zo—21.

1667 3188 1740 3220 11·
