2200 3387
294 217 307 249 1
338 215 357 247 ²
704 216 810 249 Peter
836 217 1039 249 Abaelards
1066 216 1201 257 Logica
1229 215 1552 257 ,Ingredientibus⁴.

436 313 786 353 Quaerendum
825 316 962 349 autem
995 313 1167 352 videtur,
1213 321 1306 348 cum
1343 312 1454 348 linea
1501 312 1664 348 constet
1703 321 1757 348 ex
1795 313 1957 358 punctis

295 387 400 421 quae
437 376 700 413 indivisibilia
736 378 840 415 sunt,
880 377 945 412 vel
990 376 1199 421 quodlibet
1237 375 1511 420 compositum
1549 384 1604 411 ex
1641 375 1958 412 indivisibilibus

295 442 478 486 partibus
505 441 700 477 continue
728 441 885 486 positis,
919 440 1094 486 qualiter
1126 440 1233 476 inter
1267 439 1380 485 ipsas
1415 441 1556 484 partes
1583 441 1959 485 quantumcumque

294 516 317 542 a
345 515 391 542 se
419 508 600 541 remotas
628 506 708 541 ulla
736 505 867 551 possit
894 515 988 541 esse
1017 505 1138 550 spatii
1166 504 1371 540 distantia.
1423 503 1465 540 Si
1497 504 1607 540 enim
1639 504 1792 549 aliquid
1817 504 1961 540 indivi-

295 570 412 606 sibile
449 570 651 615 aliquibus
687 570 950 606 continuetur
984 569 1249 614 interpositis,
1286 569 1397 605 nulla
1423 578 1499 614 per
1524 568 1657 614 ipsum
1683 569 1879 605 distantia
1904 569 1960 605 vi-

296 636 415 671 detur
430 645 526 671 esse
541 635 648 671 inter
669 637 868 671 extrema.
910 634 1069 679 Quippe
1091 643 1181 670 cum
1204 634 1285 670 duo
1307 633 1518 670 exteriora
1536 635 1690 678 puncta
1709 634 1763 670 ad
1782 633 1961 670 medium

297 700 590 736 continuantur
616 702 740 745 atque
769 700 901 745 ipsum
929 699 1037 743 quod
1064 699 1251 744 partibus
1279 700 1404 739 caret,
1432 700 1562 734 totum
1589 700 1772 744 tangant,
1800 699 1963 744 singula

296 764 490 800 videntur
517 764 639 800 etiam
668 764 756 808 ipsa
783 773 878 799 sese
906 763 1161 808 contingere.
1213 762 1314 798 Cum
1341 762 1450 798 enim
1486 762 1565 798 hoc
1602 763 1797 807 punctum
1833 763 1961 798 totum

296 828 393 864 illud
421 828 530 873 quod
558 827 736 863 medium
765 829 839 864 est.
867 828 1011 872 tangat
1039 828 1079 862 et
1104 835 1248 862 rursus
1277 826 1374 861 illud
1394 826 1572 862 medium
1594 826 1813 862 terminum
1833 827 1962 862 totum

297 893 450 937 tangat.
480 893 653 936 oportet,
690 892 732 926 ut
766 890 938 935 primum
977 899 1142 935 quoque
1178 889 1364 925 ultimum
1400 890 1529 925 totum
1565 890 1719 935 tangat.
1771 888 1852 925 Sed
1878 899 1962 925 non

298 958 362 992 est
388 957 455 992 ita.
507 956 607 991 Nam
636 955 715 991 etsi
743 955 861 996 istud,
900 964 991 990 cum
1018 954 1150 1000 tangit
1176 954 1285 995 illud,
1321 955 1451 990 totum
1478 953 1619 999 tangit,
1648 953 1743 998 quia
1776 953 1962 998 partibus

298 1024 422 1058 caret.
450 1023 590 1057 totum.
619 1020 796 1064 inquam,
833 1029 917 1055 non
944 1021 1140 1064 quantum
1171 1019 1222 1055 ad
1249 1020 1400 1064 partes,
1435 1019 1510 1054 sed
1537 1018 1633 1063 quia
1669 1018 1726 1054 nil
1760 1019 1822 1054 est
1856 1018 1963 1054 illius

298 1086 407 1131 quod
433 1088 563 1127 <non>
591 1086 795 1130 tangatur,
829 1094 911 1120 non
938 1085 1078 1120 tamen
1112 1083 1221 1120 istud
1248 1084 1356 1129 quod
1389 1083 1530 1129 tangit,
1568 1083 1607 1118 in
1637 1092 1687 1119 eo
1714 1083 1805 1119 loco
1833 1083 1898 1119 est
1922 1082 1964 1118 in

298 1161 377 1196 quo
407 1152 447 1186 et
472 1150 569 1186 illud
597 1151 706 1195 quod
734 1149 925 1195 tangitur,
961 1149 1055 1184 ideo
1083 1148 1303 1185 terminum
1330 1158 1413 1184 non
1441 1148 1582 1194 tangit,
1619 1148 1698 1184 etsi
1725 1149 1856 1184 totum
1882 1157 1964 1184 me-

299 1216 407 1252 dium
430 1217 573 1261 tangat
593 1224 668 1260 per
688 1215 767 1251 hoc
788 1214 898 1259 quod
919 1214 958 1250 ei
978 1213 1217 1249 indivisibili
1236 1213 1500 1249 coniunctum
1522 1215 1586 1249 est
1614 1213 1704 1249 sine
1731 1213 1962 1249 intervallo.

439 1279 505 1315 De
542 1279 793 1315 incisione
831 1287 994 1323 quoque
1031 1277 1198 1314 lineae
1237 1287 1373 1313 sermo
1416 1278 1490 1318 est,
1530 1287 1605 1322 per
1644 1287 1767 1322 quam
1805 1278 1965 1322 partem

297 1345 390 1381 fieri
416 1344 586 1389 possit1.
637 1344 726 1380 Non
755 1343 863 1379 enim
891 1352 1067 1379 acumen
1101 1342 1201 1379 ferri
1237 1352 1311 1388 per
1349 1344 1545 1388 punctum
1573 1342 1682 1387 quod
1716 1341 1964 1378 indivisibile

300 1412 374 1447 est.
402 1409 582 1445 transire
609 1411 763 1454 potest;
799 1409 907 1445 inter
934 1409 1014 1444 duo
1049 1408 1173 1444 etiam
1210 1408 1364 1453 puncta
1399 1417 1491 1443 cum
1526 1407 1625 1443 nihil
1660 1407 1721 1449 sit,
1758 1404 1965 1452 quomodo

300 1473 477 1509 transire
511 1472 691 1518 poterit?
743 1471 824 1508 Sed
861 1472 942 1508 dici
976 1471 1137 1517 poterit,
1174 1472 1284 1516 quod
1320 1472 1508 1507 transeat
1541 1471 1649 1506 inter
1685 1471 1765 1506 duo
1802 1470 1965 1515 puncta,

300 1548 383 1574 non
411 1547 462 1574 ea
490 1537 654 1582 quidem
682 1547 789 1581 quae
817 1537 894 1573 sibi
921 1536 1112 1581 proxima
1132 1538 1236 1577 sunt,
1265 1536 1340 1572 sed
1362 1546 1387 1572 a
1408 1545 1454 1572 se
1476 1535 1772 1580 aliquantulum
1793 1535 1963 1576 remota,

301 1603 428 1639 veluti
455 1603 563 1638 inter
590 1604 779 1638 extrema
805 1603 958 1647 puncta
983 1601 1041 1637 ita
1063 1601 1254 1643 fortasse,
1283 1601 1393 1646 quod
1419 1600 1516 1636 illud
1537 1600 1647 1645 quod
1672 1600 1714 1636 in
1734 1599 1870 1636 medio
1893 1600 1966 1641 est,

302 1677 429 1713 super
450 1668 559 1713 quod
585 1668 739 1703 ferrum
760 1667 939 1712 positum
966 1666 1112 1707 fuerat,
1144 1666 1239 1702 dum
1262 1665 1492 1710 inprimitur
1512 1665 1645 1710 ipsum
1667 1664 1820 1700 ferrum
1847 1664 1967 1700 simul

303 1743 394 1770 cum
409 1733 677 1768 fundamento
698 1732 948 1777 prosternat,
970 1733 1013 1767 ut
1028 1740 1194 1776 semper
1208 1731 1249 1766 in
1264 1730 1468 1767 incisione
1483 1740 1580 1776 pars
1597 1730 1734 1775 aliqua
1746 1729 1835 1766 eius
1858 1729 1967 1774 quod

299 1798 502 1839 inciditur,
525 1797 942 1842 quantulumcumque
970 1796 1182 1832 auferatur
1209 1797 1250 1832 et
1276 1795 1357 1831 iam
1383 1795 1424 1831 in
1446 1795 1568 1831 aliam
1590 1796 1785 1831 vertatur.
1820 1794 1968 1831 Possu-

301 1873 391 1899 mus
420 1863 544 1899 etiam
572 1862 710 1898 dicere
732 1861 841 1906 quod
863 1861 919 1897 nil
945 1861 1166 1902 auferatur,
1195 1860 1269 1896 sed
1291 1861 1387 1896 dum
1407 1860 1651 1905 imprimitur
1670 1859 1835 1901 ferrum,
1861 1868 1967 1895 rum-

302 1929 411 1974 pitur
438 1928 669 1965 subiectum
696 1936 846 1972 corpus
875 1929 915 1962 et
943 1926 1179 1962 dividuntur
1204 1926 1255 1962 ab
1283 1926 1461 1961 invicem
1481 1926 1635 1970 puncta
1655 1934 1747 1960 cum
1768 1923 1966 1960 subiectis

303 1995 343 2030 et
369 1993 514 2029 transit
543 1992 695 2028 ferrum
723 2001 798 2037 per
825 1991 1013 2036 spatium,
1042 1991 1151 2035 quod
1177 1990 1276 2026 facit
1302 1990 1409 2026 inter
1430 1990 1510 2026 duo
1531 1991 1694 2034 puncta,
1722 1989 1832 2034 quod
1851 1988 1966 2034 prius

302 2059 409 2094 inter
435 2067 487 2094 ea
513 2067 596 2093 non
624 2058 723 2093 erat.

446 2122 568 2158 Nota
589 2122 685 2157 illud
707 2130 883 2166 quoque,
906 2120 1015 2165 quod
1034 2120 1091 2156 ait
1110 2119 1353 2156 Boethius
1367 2122 1382 2144 2
1408 2128 1504 2155 esse
1525 2119 1577 2155 ad
1602 2118 1763 2164 signum
1784 2117 1968 2154 continui

304 2187 502 2232 eorporis,
531 2186 640 2231 quod
676 2186 709 2221 si
742 2195 825 2221 una
850 2195 947 2231 pars
976 2186 1088 2221 mota
1121 2185 1255 2225 fuerit,
1292 2185 1423 2220 totum
1459 2193 1610 2228 corpus
1646 2183 1847 2224 movetur,
1883 2192 1967 2218 non

304 2253 405 2288 satis
422 2251 677 2288 certitudinis
692 2251 859 2287 habere.
905 2250 994 2286 Non
1011 2250 1120 2286 enim
1142 2250 1275 2286 solum
1296 2249 1502 2285 continuis
1521 2248 1587 2284 vel
1609 2248 1798 2284 omnibus
1820 2256 1970 2284 conve-

304 2317 393 2353 nire
421 2317 594 2353 videtur.
646 2316 736 2352 Duo
764 2325 944 2360 namque
971 2315 1083 2361 ligna
1110 2315 1167 2350 ita
1194 2315 1245 2350 ad
1279 2314 1458 2350 invicem
1485 2313 1670 2359 colligari
1695 2313 1899 2358 poterunt,
1927 2313 1970 2348 ut

304 2384 422 2427 parte
449 2381 571 2417 unius
599 2383 711 2417 mota
738 2382 866 2416 totum
894 2381 1124 2419 moveatur,
1158 2388 1237 2415 nec
1265 2380 1405 2415 tamen
1432 2377 1672 2414 continuum
1699 2386 1849 2422 corpus
1874 2376 1970 2413 faci-

304 2448 387 2487 unt,
414 2446 470 2481 ita
496 2446 540 2481 ut
566 2454 648 2481 non
677 2445 728 2480 sit
755 2444 894 2489 aliqua
919 2444 960 2479 in
988 2443 1220 2479 coniunctis
1248 2441 1456 2478 distantia.
1508 2441 1707 2477 Omnibus
1735 2440 1861 2477 etiam
1886 2449 1969 2476 non

305 2510 532 2546 convenire
560 2509 724 2546 videtur
750 2509 968 2549 continuis,
997 2517 1088 2544 cum
1117 2508 1197 2543 sint
1224 2507 1429 2552 quaedam
1457 2506 1652 2542 continua
1677 2505 1735 2541 ita
1758 2504 1968 2546 flexibilia,

305 2577 348 2611 ut
374 2584 456 2610 una
491 2584 588 2619 pars
625 2574 784 2610 moveri
811 2574 1001 2609 videatur
1037 2582 1120 2608 non
1161 2572 1350 2608 omnibus
1387 2571 1478 2608 aliis
1515 2570 1742 2611 commotis,
1782 2569 1888 2606 sicut
1929 2569 1970 2605 in

305 2640 419 2675 tenui
447 2639 623 2684 corrigia
650 2640 774 2683 patet.
827 2638 944 2678 Quod
971 2639 1110 2673 tamen
1137 2646 1220 2682 qua
1256 2636 1418 2672 ratione
1456 2637 1567 2671 stare
1599 2635 1742 2680 possit,
1769 2643 1970 2680 quaeren-

307 2705 401 2740 dum
430 2704 603 2740 videtur.
655 2703 754 2739 Cum
783 2703 892 2739 enim
920 2702 1070 2747 ubique
1098 2711 1175 2747 per
1201 2703 1331 2737 totum
1357 2701 1492 2737 lineae
1520 2710 1670 2745 corpus
1696 2699 1970 2736 indivisibiles

306 2771 446 2814 partes
473 2769 565 2810 sint,
593 2769 799 2814 quomodo
827 2778 909 2804 una
936 2767 1094 2803 moveri
1130 2767 1281 2812 poterit
1319 2776 1370 2802 ea
1405 2775 1512 2810 quae
1549 2765 1739 2810 proxima
1774 2765 1849 2806 est,
1886 2773 1969 2800 non

1980 577 1997 603 5

1984 902 2016 927 10

1985 1225 2018 1250 15

1985 1549 2019 1574 20

1987 1867 2021 1893 25

1987 2195 2022 2221 30

1989 2519 2023 2545 35

307 2833 540 2870 commota?
601 2833 718 2874 Quod
746 2833 781 2869 si
807 2842 1092 2878 unaquaeque,
1127 2832 1221 2868 dum
1248 2832 1448 2872 movetur,
1475 2829 1707 2875 proximam
1739 2829 1968 2874 promovet,
1988 2843 2024 2869 40

451 2957 469 2987 5
498 2955 751 2995 interpositum
780 2955 807 2985 A
897 2954 940 2986 20
969 2962 1064 2994 quae
1091 2955 1174 2985 sunt
1200 2950 1233 2985 A
1328 2953 1370 2984 24
1398 2952 1470 2984 iam
1496 2949 1547 2990 in]
1575 2932 1622 2982 {ir-1
1647 2949 1679 2982 A
1704 2950 1825 2982 Lectio
1853 2949 1971 2981 dubia

308 3016 496 3046 vertamus
519 3014 549 3045 A
647 3014 690 3045 30
719 3014 808 3045 fiunt
834 3013 862 3044 A
963 3013 1005 3044 34
1034 3010 1157 3051 etiam]
1186 3011 1281 3043 enim
1307 3011 1337 3042 A
1437 3010 1480 3042 35
1508 3007 1594 3049 sint]
1621 3009 1716 3041 enim
1741 3011 1770 3040 A

452 3088 460 3108 ¹
490 3089 652 3125 Abael„
681 3088 845 3124 Dia-leet,
875 3097 908 3127 p.
940 3088 1014 3118 184.
1137 3085 1151 3107 ‘2
1177 3085 1337 3123 Boeth„
1367 3085 1411 3117 In
1439 3085 1573 3124 Catey„
1602 3093 1635 3124 p.
1665 3083 1731 3115 204
1746 3083 1786 3115 D.
