2200 3387
343 240 388 273 745
759 238 866 270 Peter
893 237 1095 269 Abaelards
1122 236 1254 276 Logica
1283 235 1606 275 „ingredientibus‘.

486 335 658 371 Animal
696 334 820 369 enim.
883 333 995 369 Bene
1032 332 1128 368 dixi,
1174 331 1282 376 quod
1318 331 1440 366 homo
1477 330 1658 366 abundat
1694 330 1733 365 in
1769 329 1856 366 istis
1890 330 2002 366 diffe-

344 401 486 435 rentiis
515 400 566 435 ab
594 398 771 434 animali.
800 398 894 442 quia
922 397 1072 433 animal
1102 406 1181 432 non
1210 405 1284 431 eas
1311 395 1436 431 habet
1462 395 1502 430 in
1534 404 1661 430 sensu
1689 403 1774 429 suo.
1815 393 2004 430 Ostendit

345 466 395 500 ab
418 464 677 500 immediatis,
709 472 800 498 cum
823 464 985 498 constet
1012 462 1197 497 alterum.
1225 460 1290 495 vel
1320 470 1344 495 a
1365 469 1504 495 causa.
1542 458 1659 499 Quod
1680 459 1817 494 autem
1839 457 2003 497 animal,

346 530 422 565 1100
451 539 612 565 nomen.
642 537 722 563 non
751 527 961 563 contineat
988 527 1064 561 has
1097 524 1354 561 differentias
1381 524 1421 559 in
1453 533 1577 559 sensu
1609 532 1696 560 suo,
1725 522 1904 558 ostendit
1930 531 2004 567 per

345 598 531 630 naturam
560 602 707 629 reruni.
736 592 831 637 quia
859 591 1015 627 scilicet
1044 590 1194 626 animal
1223 590 1368 634 ipsum,
1397 589 1435 624 id
1464 590 1526 624 est
1549 597 1617 623 res
1645 587 1845 627 animalis,
1873 596 1926 622 ex
1953 596 2004 622 eo
2024 597 2040 621 5

347 659 454 703 quod
476 658 638 694 animal.
672 667 751 693 non
775 659 835 692 est
859 656 1061 692 rationale
1084 655 1150 690 vel
1172 654 1357 695 mortale,
1385 653 1423 689 id
1445 655 1508 689 est
1528 654 1606 688 hoc
1625 653 1734 697 quod
1756 654 1819 688 est
1840 652 2003 694 animal,

345 734 426 760 non
455 724 615 759 confert
643 731 777 766 neque
807 721 944 767 exigit.
974 723 1015 756 ut
1043 720 1094 755 sit
1122 719 1323 755 rationale
1352 719 1418 754 vel
1445 720 1487 753 ut
1515 718 1567 753 sit
1594 718 1776 753 mortale.

485 788 586 823 Huic
601 789 739 823 autem
755 786 1018 831 supradictae
1041 784 1269 820 definitioni
1285 783 1545 819 differentiae
1561 781 1731 818 velhuic
1746 782 1854 826 quod
1870 781 2006 817 novis-

345 855 447 889 sime
461 853 578 889 dixit:
606 852 767 888 ,animal
790 851 922 895 ipsum
945 849 1043 885 nihil
1060 850 1203 884 horum
1229 851 1316 888 est:
1342 848 1573 892 quaestio
1590 847 1751 882 videtur
1775 856 2004 887 occurrere,

345 917 550 962 quomodo
563 916 719 951 scilicet
735 924 877 950 verum
895 923 988 949 esse
1005 913 1147 957 possit,
1164 912 1272 957 quod
1295 912 1451 947 dicitur.
1499 911 1613 950 Quae
1630 910 1793 955 quidem
1816 910 2005 954 quaestio
2029 920 2060 945 10

345 982 586 1027 principium
621 980 745 1016 habet
779 989 833 1014 ex
870 979 1029 1014 duabus
1063 976 1412 1022 propositionibus
1448 976 1568 1016 notis,
1606 985 1776 1020 quarum
1813 984 1896 1010 una
1931 977 2005 1017 est,

346 1047 453 1092 quod
482 1045 689 1081 contraria
716 1044 756 1079 in
785 1043 932 1079 eodem
960 1052 1055 1079 esse
1084 1052 1165 1078 non
1194 1043 1377 1087 possunt,
1406 1041 1487 1077 alia
1513 1050 1614 1076 vero
1636 1040 1745 1084 quod
1772 1040 1925 1085 aliquid
1953 1049 2006 1076 ex

346 1112 470 1147 nihilo
497 1110 665 1146 formari
693 1119 773 1145 non
802 1110 949 1153 potest,
977 1107 1201 1143 secundum
1225 1107 1332 1151 quod
1362 1106 1572 1141 subsistat.
1623 1105 1711 1141 Hae
1732 1105 1838 1140 duae
1858 1114 2006 1150 propo-

345 1177 515 1212 sitiones
531 1174 819 1219 quaestionem
842 1174 1020 1209 movent,
1042 1172 1138 1216 quia
1160 1181 1212 1207 ex
1236 1171 1454 1207 antedictis
1475 1171 1644 1206 alteram
1668 1170 1837 1205 istarum
1859 1170 2004 1205 falsam

346 1251 441 1277 esse
463 1239 704 1276 necessario
727 1238 893 1283 probari
905 1237 1077 1273 videtur.
1113 1236 1154 1272 Si
1176 1236 1283 1272 enim
1306 1235 1502 1272 dicamus,
1519 1235 1627 1279 quod
1644 1234 1807 1279 species
1824 1234 2006 1270 abundat
2028 1246 2059 1271 15

350 1316 373 1342 a
401 1314 555 1351 genere
583 1304 622 1339 in
651 1302 895 1339 differentia.
924 1303 1087 1346 oportet
1114 1301 1247 1345 ipsum
1273 1309 1406 1345 genus
1428 1299 1703 1335 differentiam
1730 1308 1813 1334 non
1839 1299 2005 1334 habere.

350 1370 487 1410 Quare
516 1379 593 1405 nec
620 1368 822 1404 rationale
850 1367 959 1402 inest
991 1366 1157 1402 animali
1191 1367 1231 1400 et
1257 1365 1313 1401 ita
1340 1374 1417 1400 nec
1440 1364 1593 1400 homini
1614 1373 1692 1400 nec
1713 1363 1833 1399 alicui
1853 1363 2007 1408 speciei

347 1434 546 1471 animalis.
599 1433 716 1473 Quod
744 1442 835 1468 cum
862 1432 902 1467 in
925 1431 1064 1476 specie
1087 1430 1321 1466 differentia
1340 1439 1421 1465 non
1445 1429 1496 1465 sit
1517 1438 1594 1464 nec
1616 1428 1712 1464 alibi
1731 1437 1823 1464 eam
1844 1429 2007 1464 constet

348 1509 455 1536 esse.
482 1499 668 1544 profecto
697 1497 862 1533 omnino
890 1506 973 1531 non
1002 1505 1097 1532 esse
1126 1495 1391 1530 convincitur.
1445 1494 1562 1534 Quod
1596 1493 1632 1529 si
1657 1492 1892 1529 differentia
1924 1502 2007 1529 non

347 1565 456 1606 <sit>v
478 1563 641 1608 species
664 1564 801 1598 autem
824 1571 876 1597 ex
900 1560 1135 1596 differentia
1162 1561 1332 1596 constet,
1349 1558 1608 1595 convincitur
1636 1557 1787 1602 aliquid
1808 1567 1861 1593 ex
1881 1557 2006 1593 nihilo
2028 1570 2062 1595 20

348 1631 553 1669 constare,
592 1627 700 1673 quod
732 1627 881 1662 falsum
910 1627 983 1661 est.
1034 1624 1153 1661 Unde
1191 1626 1231 1660 et
1267 1623 1376 1659 aliud
1414 1623 1678 1668 improbatur,
1718 1631 1771 1658 ex
1809 1632 1889 1667 quo
1928 1622 2007 1658 hoc

348 1696 560 1729 ostensum
589 1694 662 1729 est,
691 1692 800 1736 quod
827 1690 1020 1726 videlicet
1046 1690 1208 1734 species
1241 1689 1423 1725 abundat
1451 1698 1475 1724 a
1501 1697 1656 1734 genere
1688 1688 1730 1723 in
1764 1687 2007 1723 differentia.

491 1758 531 1793 Si
560 1759 600 1793 et
626 1757 704 1792 hoc
735 1756 883 1791 falsum
918 1764 1014 1790 esse
1048 1754 1311 1795 concedatur,
1349 1753 1458 1789 aliud
1484 1753 1673 1789 videmur
1709 1751 2008 1788 inconveniens

348 1824 569 1859 incurrere.
608 1822 716 1866 quod
744 1820 937 1856 videlicet
970 1819 1180 1855 contraria
1215 1819 1296 1854 sint
1331 1818 1371 1854 in
1411 1818 1570 1854 eodem.
1623 1816 1665 1853 Si
1700 1817 1809 1853 enim
1844 1816 2008 1862 species

348 1898 430 1923 11011
457 1887 639 1923 abundat
667 1896 690 1922 a
717 1895 872 1931 genere
899 1885 940 1920 in
968 1884 1213 1924 differentia,
1242 1885 1406 1928 oportet
1433 1883 1556 1918 etiam
1583 1882 1717 1927 ipsum
1741 1891 1872 1927 genus
1894 1881 2008 1917 diffe-
2027 1895 2061 1919 25

346 1953 521 1988 rentiam
549 1952 773 1989 continere,
801 1951 906 1986 sicut
934 1951 974 1986 et
1000 1949 1160 1994 species
1188 1958 1279 1984 eam
1308 1948 1501 1986 continet.
1528 1949 1572 1983 ut
1597 1947 1789 1983 videlicet
1815 1946 2008 1991 quemad-

347 2017 512 2053 modum
534 2017 656 2052 homo
678 2017 766 2051 sine
788 2014 1067 2051 rationalitate
1090 2023 1172 2049 non
1195 2013 1393 2054 subsistit,
1421 2012 1478 2048 ita
1504 2021 1581 2048 nec
1608 2012 1770 2052 animal,
1798 2012 1839 2046 et
1864 2020 2007 2046 rursus

348 2081 692 2126 quemadmodum
716 2080 858 2116 asinus
887 2080 976 2115 sine
1004 2078 1319 2114 irrationalitate
1341 2087 1423 2113 non
1440 2077 1636 2117 subsistit,
1664 2077 1721 2112 ita
1741 2085 1818 2111 nec
1845 2075 2006 2112 animal.

349 2146 390 2182 Si
426 2148 564 2182 autem
599 2146 749 2181 animal
788 2153 924 2189 neque
961 2144 1050 2179 sine
1090 2143 1367 2178 rationalitate
1404 2151 1539 2186 neque
1573 2141 1662 2176 sine
1693 2140 2007 2176 irrationalitate

347 2210 543 2247 subsistit.
560 2212 723 2255 oportet
738 2209 872 2245 eidem
893 2209 1033 2244 inesse
1055 2207 1272 2245 contraria,
1306 2207 1431 2242 veluti
1452 2205 1773 2242 rationalitatem
1792 2206 1832 2241 et
1851 2205 2008 2241 irratio·
2027 2218 2062 2242 30

349 2276 570 2316 nalitatem‚
599 2284 705 2320 quae
733 2276 827 2310 sunt
854 2273 1072 2310 contraria.

490 2341 666 2376 Possunt
694 2339 817 2375 etiam
845 2338 1145 2375 convenienter
1172 2337 1319 2373 eadem
1346 2335 1683 2372 Inconvenientia
1704 2334 1834 2370 videri
1861 2334 2008 2370 deduci

349 2416 401 2441 ex
429 2414 490 2442 eo.
519 2405 627 2449 (11100
655 2404 883 2440 nox-Issime
911 2403 1029 2438 dixit:
1059 2402 1231 2441 ,Animal
1253 2401 1387 2446 ipsum
1401 2400 1499 2436 nihil
1521 2401 1666 2436 horum
1693 2401 1779 2435 est‘.
1831 2398 1874 2435 Si
1900 2398 2007 2434 enim

350 2471 408 2506 sic
435 2470 700 2514 intelligatur:
738 2469 889 2504 animal
924 2468 1055 2512 ipsum
1089 2467 1144 2502 nil
1176 2467 1322 2502 horum
1359 2467 1432 2506 est,
1469 2466 1547 2501 hoc
1583 2466 1647 2501 est
1673 2473 1726 2500 ex
1761 2465 1909 2500 natura
1934 2473 2009 2499 sua

349 2536 552 2579 repugnat
584 2533 758 2577 utrique.
795 2533 904 2568 nullo
941 2532 1064 2568 modo
1100 2531 1141 2566 in
1177 2530 1343 2566 animali
1383 2531 1477 2565 sunt
1516 2529 1789 2570 differentiae,
1829 2537 1882 2564 ex
1915 2537 2006 2573 quo,
2027 2540 2062 2565 35

350 2599 455 2635 sicut
481 2599 681 2643 superius.
709 2597 862 2642 aliquid
890 2606 942 2632 ex
970 2596 1096 2632 nihilo
1124 2595 1273 2631 confici
1296 2596 1558 2630 monstratur.
1611 2593 1728 2634 Quod
1749 2602 1841 2629 cum
1859 2592 2008 2628 falsum

351 2664 412 2703 sit,
440 2666 481 2699 et
506 2663 603 2698 illud
631 2672 683 2698 ex
706 2672 785 2707 quo
808 2663 886 2697 hoc
906 2662 1169 2701 monstratur,
1190 2660 1338 2696 falsum
1361 2668 1456 2695 esse
1479 2659 1651 2703 oportet,
1678 2658 1830 2694 animal
1851 2657 2009 2694 scilicet

349 2729 481 2773 ipsum
510 2727 606 2763 nihil
634 2728 779 2763 horum
806 2735 913 2762 esse.
965 2725 1047 2761 Sed
1072 2735 1215 2761 rursus
1242 2725 1320 2760 hoc
1340 2724 1489 2760 falsum
1510 2723 1544 2759 si
1566 2725 1640 2763 est,
1667 2723 1775 2759 aliud
1796 2723 2008 2758 incurrere

351 2792 538 2827 videmur
563 2791 874 2828 inconveniens,
903 2789 1013 2834 quod
1040 2789 1195 2825 scilicet
1222 2787 1431 2824 contraria
1458 2787 1539 2822 sint
1564 2787 1606 2822 in
1627 2787 1786 2823 eodem.
1838 2786 1879 2822 Si
1900 2786 2007 2822 enim

350 2857 497 2891 falsum
527 2858 600 2893 est,
629 2856 737 2900 quod
765 2855 917 2890 animal
943 2854 1075 2899 ipsum
1102 2853 1200 2888 nihil
1227 2853 1371 2888 horum
1399 2852 1460 2893 sit,
1489 2853 1652 2896 oportet
1671 2851 1807 2896 ipsum
1827 2859 1918 2886 esse
1939 2850 2008 2886 ali·
2027 2860 2062 2885 40

352 2921 446 2965 quid
483 2921 638 2961 horum,
674 2922 717 2955 ut
749 2919 943 2955 videlicet
977 2919 1109 2963 ipsum
1147 2918 1199 2953 sit
1233 2917 1434 2953 rationale
1470 2917 1535 2952 vel
1570 2916 1703 2961 ipsum
1736 2915 1789 2951 sit
1824 2915 2007 2956 mortale,

494 3040 512 3070 4
540 3039 607 3071 hoc
630 3043 658 3069 A
681 3039 788 3070 homo
809 3038 837 3070 A
919 3038 938 3069 8
967 3038 1063 3077 quod
1081 3037 1157 3075 A-„1L
1178 3046 1248 3069 om.
1269 3036 1299 3068 A
1383 3036 1423 3068 18
1452 3036 1537 3068 alibi
1556 3035 1633 3073 ΑΖΕ
1653 3035 1760 3067 alicui
1779 3034 1808 3066 A
1890 3034 1934 3066 23
1956 3031 2006 3073 Si]

353 3098 390 3134 S;
412 3098 441 3130 A
530 3098 571 3129 2²,ss
599 3098 736 3137 aliquid
764 3098 784 3128 2
802 3097 839 3133 s',
871 3097 909 3128 in
935 3096 975 3128 A.
