2200 3387
261 907 292 931 lo

260 1237 293 1262 15

259 1571 294 1597 20

500 221 530 252 2.
559 219 624 252 Die
652 220 808 253 Glossen
837 229 880 253 zu
909 221 977 254 den
1007 221 1242 262 Kategorien.
1271 240 1314 244 —
1344 221 1395 253 De
1423 222 1520 262 quali
1549 225 1585 254 et
1613 223 1801 263 qualitate.
1926 222 1994 256 229

313 316 424 362 quod
452 326 534 353 non
561 317 678 354 solae
707 317 1010 363 dispositiones
1047 317 1191 354 stricte
1229 321 1429 364 acceptae
1467 319 1657 356 dicuntur
1695 320 1993 366 dispositiones

315 381 442 427 large,
471 390 617 417 verum
647 381 771 418 etiam
800 381 978 418 habitus.
1032 382 1347 426 Dispositiones
1375 393 1470 419 nero
1500 394 1584 419 note
1616 394 1766 420 necess(
1797 387 1853 421 est
1876 386 1994 422 habi-

312 447 380 481 tns
404 455 501 486 esse,
527 445 606 482 hoc
625 447 687 481 est
714 454 796 481 non
825 454 971 482 omnes
991 445 1211 491 qualitates
1232 455 1340 491 quae
1363 456 1437 492 per
1458 447 1781 492 applicationem
1809 448 1994 486 veniunt.

313 509 409 545 sunt
435 508 612 545 habitus.
666 509 748 553 Qut
774 509 902 545 enim.
956 509 1045 545 Duo
1073 509 1186 550 dixit,
1215 510 1326 555 quod
1353 510 1512 547 scilicet
1533 520 1678 547 omnes
1708 512 1870 548 habitus
1898 516 1994 549 sunt

313 573 609 619 dispositiones
637 574 764 620 large.
798 573 873 610 sed
900 583 982 610 non
1012 574 1279 613 convertitur.
1308 576 1349 611 et
1384 576 1602 620 utrumque
1631 577 1779 621 probat
1808 579 1848 612 et
1877 577 1990 622 prius

313 639 423 684 quod
459 638 634 684 primum
668 639 782 679 dixit,
823 639 933 685 quod
973 638 1131 676 scincet
1165 649 1310 676 omnes
1344 640 1510 677 habitus
1547 642 1643 677 sunt
1682 641 1993 687 dispositiones.

313 703 409 748 quia
437 703 597 740 scilicet
624 712 771 740 omnes
799 703 867 749 qui
905 703 1062 740 habent
1090 704 1285 742 habitum.
1314 706 1410 740 sunt
1445 704 1647 750 dispositi.
1700 706 1731 741 Α
1760 707 1995 752 coniugatis

313 768 378 805 vel
407 769 458 805 ab
487 768 650 805 effectu.
704 769 787 813 Qui
814 771 970 805 autem.
1023 769 1097 805 Hic
1119 769 1295 806 alterum
1317 770 1502 806 ostendit
1522 770 1666 807 dicens
1687 781 1835 808 omnes
1861 772 1996 817 dispo-

313 834 427 873 sitos.
455 834 494 871 id
523 835 587 871 est
613 834 860 880 applicatos,
888 844 970 871 non
1000 834 1157 871 habere
1185 835 1381 871 habitum.
1434 836 1536 872 Sunt
1570 837 1708 873 autem
1743 838 1993 875 nonnulli.

314 900 381 945 qui
409 899 537 936 velint
564 899 911 938 Aristotelem.
950 909 1042 936 cum
1076 900 1133 936 ait
1167 910 1314 937 omnes
1352 901 1516 938 habitus
1552 911 1648 938 esse
1684 902 1994 948 dispositiones.

314 965 392 1002 hoc
424 965 657 1011 intelligere
691 965 801 1011 quod
838 975 985 1002 omnes
1023 965 1185 1002 habitus
1224 966 1410 1011 primum,
1449 967 1543 1003 dum
1581 970 1775 1004 recentes
1811 971 1917 1009 sunt,
1955 969 1993 1005 in

313 1030 502 1068 subiecto
531 1030 614 1067 sint
640 1030 940 1077 dispositiones
968 1031 1136 1068 strictae
1165 1031 1302 1070 etiam.
1342 1032 1419 1068 hoc
1447 1034 1510 1069 est
1537 1033 1657 1069 facile
1686 1034 1993 1079 permutabiles,

313 1096 424 1142 quod
452 1096 622 1134 omnino
650 1096 798 1133 falsum
828 1098 903 1133 est.
956 1097 1148 1133 Caecitas
1176 1097 1298 1138 enim,
1327 1107 1435 1143 quae
1464 1108 1517 1134 ex
1555 1099 1694 1144 aliquo
1728 1099 1838 1136 facto
1875 1100 1996 1137 alicui

313 1161 528 1208 contingit.
555 1161 707 1204 statim,
734 1164 778 1198 ut
805 1162 949 1199 innata
975 1164 1051 1204 est,
1080 1163 1245 1199 habitus
1274 1166 1336 1199 est
1363 1165 1404 1199 et
1431 1164 1599 1200 omnino
1627 1164 1859 1202 immobilis.
2025 1204 2148 1240 Boeth

456 1233 590 1270 Aliud
614 1244 724 1270 vero.
776 1234 874 1270 Post
899 1234 1073 1280 primam
1103 1234 1333 1271 maneriam
1355 1235 1600 1281 qualitatum
1623 1246 1729 1281 quae
1752 1239 1848 1273 sunt
1869 1237 1997 1283 quali·
2025 1252 2140 1296 pen}
2157 1253 2184 1288 A

314 1300 421 1335 tates
441 1308 516 1344 per
531 1299 855 1345 applicationem
872 1299 1104 1341 venientes,
1124 1302 1275 1336 tractat
1290 1300 1414 1336 aliam
1430 1310 1538 1346 quae
1561 1303 1656 1338 sunt
1672 1302 1860 1347 potentia
1881 1304 1997 1339 natu-

313 1364 411 1401 ralis
439 1364 506 1401 vel
527 1364 772 1410 impotentia
798 1365 851 1402 ad
872 1364 1026 1410 aliquid
1055 1365 1177 1402 facile
1205 1366 1442 1402 iaciendum
1470 1367 1536 1403 vel
1564 1367 1617 1403 ad
1644 1377 1727 1404 non
1755 1367 1995 1413 patiendum

313 1429 447 1466 facile.
505 1429 625 1471 Quod
664 1431 804 1467 autem
841 1430 1072 1476 potentiam
1110 1431 1175 1468 vel
1216 1431 1504 1477 impotentiam
1545 1433 1760 1469 naturales
1800 1434 1993 1479 appellat.

314 1504 397 1532 non
425 1496 479 1532 ad
506 1495 899 1532 determinationem
926 1496 1034 1537 dicit,
1064 1496 1160 1541 quin
1189 1496 1348 1533 scilicet
1377 1506 1523 1533 omnes
1551 1497 1633 1534 sint
1660 1499 1885 1540 naturales,
1920 1500 1994 1536 sed

314 1562 486 1607 propter
513 1560 792 1598 differentiam
821 1561 1120 1607 assignandam
1147 1562 1255 1598 inter
1282 1562 1404 1599 istam
1425 1563 1655 1600 maneriam
1676 1564 1992 1610 suprapositam.

313 1626 424 1672 quod
462 1626 659 1664 videlicet
695 1627 765 1663 illa
799 1637 876 1673 per
914 1627 1239 1673 applicationem
1279 1628 1404 1667 venit.
1444 1629 1550 1665 haec
1589 1630 1835 1666 naturaliter
1874 1630 1992 1667 inest.

314 1691 434 1732 Quod
449 1693 590 1729 autem
611 1692 860 1738 supponitur
882 1693 945 1735 ,ad
966 1692 1203 1730 faciendum
1226 1693 1380 1739 aliquid
1396 1694 1462 1730 vel
1484 1704 1567 1730 non
1588 1694 1826 1732 faciendum
1848 1696 1993 1733 facile‘.

314 1757 519 1802 quasdam
547 1757 731 1794 excludit
758 1757 968 1802 potentias
997 1758 1062 1794 vel
1083 1757 1351 1803 impotentias
1375 1768 1481 1803 quae
1504 1759 1732 1795 secundum
1754 1760 1994 1797 facilitatem

314 1830 368 1858 ex
395 1822 626 1868 aptitudine
654 1823 972 1868 compositionis
1000 1823 1176 1859 subiecti
1215 1833 1296 1859 non
1335 1823 1605 1869 accipiuntur.
1643 1825 1718 1861 sed
1754 1825 1996 1871 simpliciter

259 1897 294 1922 25
315 1888 545 1925 secundum
572 1889 650 1926 hoc
678 1889 789 1935 quod
816 1890 967 1926 natura
993 1889 1054 1926 rei
1082 1899 1249 1935 quoquo
1279 1890 1402 1926 modo
1425 1890 1633 1935 permittit.
1686 1890 1777 1927 Alia
1800 1891 1909 1929 enim
1932 1894 1996 1929 est

258 2233 294 2258 30

262 2555 296 2580 35

314 1954 501 2000 potentia
514 1954 727 2000 pugnandi
743 1955 994 2000 simpliciter.
1017 1964 1124 2001 quae
1148 1955 1340 1991 omnibus
1362 1956 1594 2001 aequaliter
1614 1956 1725 1993 inest
1745 1956 1994 1994 hominibus.

314 2018 396 2055 alia
422 2019 610 2064 potentia
630 2019 842 2065 pugnandi
863 2019 985 2056 facile
1014 2019 1243 2056 secundum
1270 2019 1514 2056 flexibilium
1542 2021 1820 2057 membrorum
1849 2021 1996 2067 aptitu-

314 2084 463 2123 dinem.
491 2094 598 2130 quae
627 2094 710 2121 non
733 2084 925 2121 omnibus
952 2085 1074 2122 inest.
1126 2085 1240 2122 Haec
1262 2085 1373 2121 enim
1397 2088 1400 2129 l
1424 2086 1612 2131 potentia
1633 2086 1875 2131 aptitudinis
1898 2096 1996 2132 quo·
2024 2087 2047 2119 s.
2075 2087 2145 2119 32⁷·

313 2149 488 2186 rundam
516 2152 591 2189 est,
617 2150 688 2187 illa
714 2160 815 2187 vero
843 2160 951 2196 quae
979 2152 1155 2187 naturae
1183 2151 1491 2196 quodammodo
1519 2151 1687 2197 proprie
1724 2152 1803 2188 dici
1841 2155 1993 2198 potest.

315 2216 497 2252 omnium
525 2217 600 2257 est,
628 2225 736 2261 quae
765 2218 806 2253 et
832 2216 988 2253 homini
1007 2216 1295 2253 substantialis
1316 2216 1491 2257 videtur,
1514 2216 1621 2253 sicut
1640 2217 1828 2263 potentia
1854 2219 1995 2254 ambu-

313 2281 436 2322 landi,
463 2290 490 2317 a
516 2290 598 2326 qua
624 2281 854 2328 gressibilis
875 2281 1033 2318 dicitur.
1085 2282 1146 2319 De
1167 2282 1364 2328 potentiis
1391 2291 1493 2319 vero
1513 2282 1756 2328 aptitudinis
1778 2283 1844 2320 vel
1866 2283 1993 2329 impo-

315 2346 455 2383 tentiis
482 2347 561 2383 hoc
588 2346 680 2383 loco
716 2348 874 2383 tantum
913 2347 1008 2394 agit,
1042 2347 1152 2393 quod
1189 2347 1458 2385 demonstrat,
1495 2357 1587 2384 cum
1621 2348 1679 2384 ait
1713 2349 1849 2391 sac-ile,
1884 2358 1991 2393 quae

316 2410 515 2447 usualiter
547 2411 599 2447 ab
632 2410 870 2448 hominibus
906 2411 1121 2457 potentiae
1159 2412 1225 2448 vel
1261 2411 1532 2457 impotentiae
1570 2411 1753 2449 maxime
1790 2412 1992 2449 dicuntur.

316 2475 428 2512 Licet
463 2476 573 2512 enim
600 2485 774 2513 mancus
810 2476 852 2512 in
889 2478 1039 2513 natura
1071 2477 1205 2523 possit
1244 2486 1444 2523 pugnare.
1484 2477 1591 2514 sicut
1630 2479 1816 2514 curtatus
1857 2478 1987 2524 pedes

316 2540 474 2577 habere
501 2540 567 2577 vel
595 2540 821 2582 ambulare,
843 2550 926 2577 non
948 2542 1089 2578 tamen
1111 2550 1205 2578 eum
1227 2542 1280 2578 ad
1299 2542 1379 2578 hoc
1400 2543 1613 2587 potentem
1635 2542 1774 2579 dicere
1797 2543 1992 2579 solemus.

317 2615 409 2643 cum
437 2605 666 2651 aptitudine
694 2607 848 2643 careat.
901 2606 942 2643 Si
971 2606 1062 2652 quis
1089 2608 1229 2644 autem
1256 2609 1433 2653 quaerat
1466 2607 1517 2644 de
1551 2607 1748 2653 potentiis
1786 2610 1827 2644 et
1866 2608 1993 2653 impo-

317 2671 456 2708 tentiis
483 2673 659 2708 naturae
695 2671 735 2708 in
768 2672 847 2708 hac
874 2672 1092 2713 divisione,
1129 2673 1306 2716 qualiter
1342 2673 1762 2718 comprehendantur.
1801 2673 1991 2710 dicimus:

317 2745 534 2782 nusquam.
563 2735 669 2780 quia,
696 2737 740 2772 ut
766 2736 857 2782 ipse
876 2735 1212 2773 Α1·18101οΙ081
1235 2737 1419 2773 dicturus
1438 2739 1511 2777 est,
1533 2737 1714 2773 fortasse
1737 2737 1806 2773 alii
1826 2747 1991 2782 quoque

317 2800 527 2847 qualitatis
555 2801 816 2847 apparebunt
843 2801 966 2840 modi.
994 2802 1069 2838 sed
1098 2802 1166 2847 qui
1194 2802 1376 2839 maxime
1404 2802 1606 2840 dicuntur,
1634 2802 1674 2838 hi
1702 2804 1807 2838 sunt.

463 2959 481 2991 2
510 2968 542 2991 n.
571 2960 628 2991 est
650 2968 680 2991 e.
704 2959 735 2991 h.
757 2959 783 2991 A
913 2960 929 2990 4
959 2959 1025 2995 Qui
1047 2959 1176 2991 Boellz.
1206 2959 1302 3000 quod
1324 2960 1350 2991 A
1478 2962 1496 2989 ὃ
1525 2959 1591 2996 Qui
1614 2960 1752 3001 scripsi
1771 2969 1839 2991 see.
1864 2959 1991 2992 Boelle.

318 3019 362 3050 :35
390 3017 462 3057 vell
493 3018 530 3055 ψ
561 3026 634 3050 non
666 3019 693 3049 ,1
818 3018 861 3050 36
889 3020 1018 3051 carent
1044 3018 1072 3050 Α

462 3099 470 3122 ¹
500 3101 649 3134 Boeth.
678 3101 700 3133 l.
728 3110 766 3137 e..
797 3109 830 3141 p.
859 3101 924 3133 251
943 3101 979 3134 C.
