2200 3387
159 920 190 944 ln

158 1251 189 1275 15

156 1575 191 1600 20

156 2233 191 2257 30

158 2557 192 2582 35

158 2884 192 2908 ⁴0

566 237 590 266 l.
621 235 684 266 Dic
712 234 867 267 Glossen
897 244 938 266 zu
969 235 1200 275 Porphyrius.
1303 236 1352 267 ln·
1383 238 1541 276 proprio.
1837 235 1877 268 91

209 331 358 367 delicet
399 331 505 367 hene
550 333 696 367 natura
737 331 913 367 hominis
954 333 1166 375 pateretur
1211 331 1341 375 ipsum
1383 343 1479 367 esse
1517 333 1606 368 sine
1637 333 1882 371 risibilitate.

209 396 359 441 quippe
394 407 444 431 ea
478 396 753 432 substantiam
782 396 871 434 eius
901 406 980 431 non
1010 396 1221 431 constituit
1249 396 1352 432 sicut
1382 398 1640 433 rationalitas
1664 400 1703 433 et
1735 400 1882 433 morta-

210 460 302 495 litas
332 470 407 495 nee
438 470 510 504 per
537 469 627 495 eam
659 461 806 495 natura
834 459 1041 495 hominem
1071 460 1167 495 facit
1195 460 1300 495 sicut
1330 471 1402 504 per
1430 461 1530 496 illas.

330 526 431 560 sunt
444 527 580 560 autem
593 525 797 569 quaedam
812 534 919 569 quae
937 525 1132 560 ratione
1147 525 1344 568 vestigari
1361 528 1545 570 possunt.
1560 527 1763 570 quaedam
1776 537 1882 571 quae

211 589 503 625 auctoritati
522 591 658 625 tantu
672 599 706 624 m
724 589 1079 625 committenda
1094 599 1146 624 su
1160 599 1181 624 n
1195 592 1218 626 t.
1232 600 1403 634 quorum
1420 591 1621 626 rationem
1639 592 1757 627 nobis
1772 591 1883 635 igno-

211 656 290 690 tam
309 654 361 690 illi
378 654 555 690 fortasse
569 654 635 698 qui
649 664 700 690 ea
712 655 944 690 sanxerunt
959 657 1000 689 et
1012 654 1177 698 scriptis
1191 655 1460 692 tradiderunt.
1478 665 1556 691 non
1576 656 1882 699 ignoraverunt.

330 718 468 754 l‘otest
495 720 535 754 et
562 719 682 754 aliter
709 719 826 757 solvi.
863 719 970 763 quod
1007 719 1135 754 voluit
1170 719 1409 756 Boethius
1444 720 1677 756 huiusmodi
1717 721 1884 765 propria

210 793 285 819 nec
314 783 475 819 ratione
502 785 701 828 separari.
732 786 773 820 ut
801 783 995 820 videlicet
1023 785 1222 829 ,separari
1252 785 1424 821 ratione*
1454 785 1575 821 etiam
1606 788 1803 829 quantum
1833 786 1882 821 ad

209 850 398 884 naturam
427 858 640 885 sumamus
668 851 708 885 et
742 849 928 885 dicamus
956 850 1144 885 naturam
1175 850 1352 885 hominis
1382 850 1490 886 nullo
1519 850 1641 886 modo
1679 850 1761 901 pati
1791 860 1883 886 eum

211 923 307 949 esse
336 914 426 949 sine
464 914 649 958 potentia
684 915 928 950 numerandi
959 915 1022 949 vel
1059 915 1230 953 ridendi.
1265 925 1353 950 cum
1386 915 1578 951 videlicet
1612 916 1690 951 hae
1719 925 1883 960 quoque

210 979 420 1024 potentiae
451 981 624 1015 naturae
653 980 746 1017 sint.
776 981 817 1015 ut
845 980 995 1015 dictum
1024 983 1098 1018 est.
1128 990 1208 1015 non
1237 981 1487 1025 aptitudinis..
1540 980 1621 1016 Sed
1644 981 1739 1016 licet
1760 981 1883 1016 homo

211 1054 291 1080 non
321 1045 451 1088 possit
479 1054 576 1080 esse
604 1045 694 1080 sine
717 1044 946 1081 risibilitate
969 1045 1287 1090 quodammodo.
1310 1046 1407 1090 quia
1428 1045 1620 1081 videlicet
1643 1055 1723 1081 non
1748 1047 1885 1090 potest

211 1110 493 1155 [contingere.
522 1111 564 1145 ut
591 1110 714 1145 homo
743 1110 795 1146 sit
822 1111 863 1146 et
891 1120 972 1146 non
1001 1110 1180 1150 risibilis,
1208 1111 1289 1146 alio
1318 1113 1456 1146 tamen
1486 1111 1607 1146 modo
1636 1111 1879 1155 contingere

210 1176 358 1219 potest.
389 1177 429 1210 ut
456 1175 586 1211 voluit
613 1175 921 1220 Porphyrius
956 1175 1164 1212 hominem
1203 1185 1329 1220 posse
1367 1186 1463 1212 esse
1500 1176 1590 1211 sine
1628 1176 1806 1220 proprio.
1844 1178 1886 1211 ut

211 1239 404 1276 videlicet
432 1240 627 1285 negative
655 1240 908 1285 intelligatur
935 1240 1012 1276 sic:
1042 1250 1122 1276 non
1152 1250 1205 1276 ex
1234 1251 1284 1276 eo
1313 1242 1422 1286 quod
1451 1243 1515 1277 est
1542 1242 1676 1278 homo.
1714 1241 1884 1284 exigere

211 1306 433 1350 proprium.
486 1306 553 1342 Sic
581 1306 688 1342 enim
718 1316 808 1341 cum
838 1306 1028 1342 dicimus:
1064 1316 1197 1349 genus
1232 1316 1358 1351 posse
1396 1316 1492 1342 esse
1521 1307 1611 1342 sine
1640 1306 1885 1342 differentiis

211 1371 402 1406 omnibus
425 1371 489 1406 vel
513 1371 748 1416 speciebus,
780 1371 975 1415 negative
1000 1371 1239 1416 accipimus.
1264 1381 1312 1407 ac
1340 1372 1375 1407 si
1400 1372 1584 1407 dicamus
1609 1371 1885 1407 substantiam

211 1445 264 1471 ex
293 1445 343 1472 eo
371 1436 481 1480 quod
509 1437 744 1472 substantia
772 1439 846 1474 est.
884 1446 967 1472 non
1001 1437 1173 1481 exigere
1209 1437 1273 1473 vel
1311 1446 1558 1482 corporeum
1596 1437 1661 1472 vel
1699 1436 1886 1481 incorpo-

211 1510 338 1538 reum.
372 1511 463 1537 cum
493 1503 630 1537 tamen
660 1501 767 1539 illud.
801 1501 989 1539 arbitror.
1024 1511 1105 1537 non
1136 1502 1267 1546 possit
1304 1511 1400 1538 csse
1438 1502 1683 1539 substantia.
1721 1502 1800 1537 nisi
1833 1502 1886 1538 sit

211 1566 396 1602 alterum.
450 1566 644 1602 Similiter
670 1576 763 1602 cum
791 1566 963 1602 dicimus
991 1567 1098 1603 hanc
1126 1567 1487 1612 consequentiam:
1517 1567 1568 1605 ,Si
1597 1567 1793 1602 Socrates
1821 1569 1886 1602 est

211 1631 327 1676 lapis.
365 1631 561 1667 Socrates
595 1619 662 1667 est
693 1632 941 1677 margarita.
983 1642 1035 1667 ex
1073 1642 1124 1668 eo
1152 1632 1298 1668 falsam
1341 1642 1437 1668 esse
1477 1632 1586 1677 quod
1627 1632 1884 1668 antecedens

211 1698 347 1741 potest
376 1706 470 1733 esse
498 1697 589 1732 sine
618 1697 904 1741 consequenti.
934 1697 1128 1742 negative
1157 1697 1194 1733 id
1217 1698 1454 1743 accipimus.
1484 1697 1521 1733 id
1550 1700 1614 1733 est
1635 1697 1744 1742 quod
1771 1699 1885 1734 ante-

211 1762 367 1797 cedens
396 1771 449 1797 ex
478 1772 524 1798 se
553 1772 633 1798 non
662 1762 791 1807 exigit
819 1771 1094 1807 consequens.
1147 1762 1187 1798 Si
1224 1763 1333 1798 enim
1362 1762 1610 1798 affirmative
1639 1762 1883 1801 diceremus,

212 1827 254 1861 ut
282 1825 475 1862 videlicet
504 1828 651 1862 natura
679 1828 893 1871 pateretur
913 1836 1008 1862 esse
1031 1826 1126 1862 illud
1149 1827 1259 1871 quod
1282 1826 1379 1862 dicit
1400 1827 1668 1863 antecedens.
1697 1827 1753 1862 ita
1774 1827 1883 1871 quod

212 1901 293 1927 non
324 1893 438 1927 esset
466 1891 572 1929 illud.
611 1892 719 1936 quod
755 1892 852 1927 dicit
885 1901 1161 1936 consequens.
1198 1892 1344 1928 falsum
1384 1892 1552 1927 omnino
1589 1894 1714 1928 esset.
1766 1892 1883 1927 Nullo

211 1956 318 1992 enim
348 1957 470 1992 modo
500 1958 647 1992 natura
676 1957 828 2001 patitur
855 1957 1070 1993 Socratem
1099 1966 1195 1993 esse
1233 1957 1411 2002 lapidem
1447 1957 1537 1993 sive
1565 1967 1656 1993 cum
1684 1957 1764 1993 alio
1793 1957 1883 1993 sive

210 2022 300 2058 sine
328 2022 420 2057 alio.
473 2022 592 2062 Quod
620 2022 759 2067 itaque
789 2022 937 2058 dicitur
964 2022 1087 2058 homo
1116 2032 1243 2067 posse
1277 2032 1374 2058 esse
1408 2023 1498 2058 sine
1533 2022 1688 2059 risibili.
1722 2022 1883 2058 duobus

211 2087 344 2122 modis
372 2087 504 2132 accipi
527 2089 676 2132 potest.
704 2087 862 2123 scilicet
884 2088 948 2123 vel
977 2088 1085 2132 quod
1109 2097 1161 2123 cx
1191 2098 1241 2123 eo
1264 2088 1372 2132 quod
1396 2088 1518 2123 homo
1541 2089 1615 2124 est.
1639 2097 1719 2123 non
1743 2088 1885 2132 exigat

211 2151 378 2189 risibile.
407 2152 515 2197 quod
545 2162 688 2188 verum
725 2152 842 2188 iuxta
876 2153 1165 2197 acceptionem
1192 2152 1471 2197 Porphyrii.
1509 2152 1574 2188 vel
1614 2153 1723 2197 quod
1761 2153 1883 2188 homo

212 2217 344 2262 possit
381 2227 475 2253 esse
513 2218 580 2257 ita.
614 2218 723 2263 quod
751 2228 835 2254 non
874 2218 927 2253 sit
967 2212 1297 2262 risibilis,'quod
1339 2218 1435 2262 quia
1474 2218 1621 2253 falsum
1662 2219 1736 2255 est.
1777 2218 1884 2253 bene

212 2282 450 2319 Boethius
478 2284 614 2328 negat.
680 2283 763 2319 Nec
803 2283 1037 2319 contrarms
1077 2283 1404 2328 Porphyrius.
1445 2292 1534 2319 cum
1577 2282 1883 2328 Porphyrius

213 2357 347 2392 ‚posse
364 2355 470 2384 esse·
488 2349 681 2393 negative
698 2348 885 2393 accipiat.
901 2348 929 2383 B
941 2348 1108 2384 oethiu
1120 2358 1139 2383 s
1156 2348 1405 2384 affirmative
1422 2350 1638 2393 acceptum
1655 2350 1881 2384 removeat.

331 2411 382 2447 Et
415 2412 670 2448 sciendum
705 2415 798 2449 est.
836 2412 945 2457 quod
983 2412 1099 2448 iuxta
1135 2412 1421 2457 acceptionem
1459 2412 1723 2457 Porphyrii
1760 2422 1882 2448 omne

210 2477 523 2512 fundamentum
561 2476 651 2512 sine
679 2477 863 2522 quolibet
899 2477 1104 2512 accidenti
1141 2486 1218 2512 suo
1256 2479 1394 2521 potest
1431 2486 1537 2513 esse.
1577 2477 1686 2521 quod
1724 2476 1883 2512 scilicet

212 2542 324 2578 nulla
349 2552 402 2578 ex
432 2544 579 2578 natura
599 2552 701 2579 suae
723 2542 984 2578 substantiae
1010 2542 1147 2587 exigit.
1201 2542 1436 2578 Secundum
1466 2551 1566 2577 vero
1594 2541 1881 2586 acceptionem

212 2607 410 2643 Boethii
438 2608 642 2652 quaedam
671 2607 762 2643 sine
797 2607 1043 2652 quibusdam
1078 2607 1364 2643 accidentibus
1402 2616 1498 2643 esse
1537 2608 1721 2652 possunt.
1759 2616 1883 2651 quae-

212 2672 305 2708 dam
344 2682 436 2709 non.
474 2674 516 2707 ut
551 2672 674 2708 homo
709 2673 799 2708 sine
828 2673 1014 2717 potentia
1041 2672 1285 2708 numerandi
1322 2682 1418 2708 esse
1456 2682 1536 2707 non
1576 2673 1710 2716 potest
1748 2680 1882 2715 neque

212 2737 303 2773 sine
332 2737 487 2773 unitate
517 2747 652 2782 neque
674 2737 764 2773 sine
787 2737 1062 2782 conceptione
1085 2737 1150 2773 vel
1174 2737 1264 2772 sine
1287 2737 1442 2773 habere
1464 2747 1616 2781 corpus
1638 2737 1702 2772 vel
1726 2737 1881 2772 habere

213 2802 404 2837 animam.
458 2802 574 2842 Quae
595 2804 733 2838 tamen
754 2802 1050 2838 substantiales
1071 2802 1334 2837 differentiae
1359 2812 1438 2837 non
1462 2806 1567 2838 sunt.
1589 2811 1679 2837 cum
1698 2811 1777 2837 non
1802 2801 1882 2837 sint

213 2866 445 2909 qualitates.
492 2866 551 2901 Nil
571 2869 709 2902 autem
731 2867 912 2902 fortasse
936 2866 1142 2911 impediet.
1166 2866 1199 2901 si
1221 2866 1323 2901 haec
1345 2868 1385 2901 et
1401 2866 1658 2901 differentias
1681 2875 1881 2911 negemus

215 2940 311 2966 esse
328 2933 368 2966 et
388 2931 622 2966 accidentia
641 2931 867 2967 secundum
885 2932 962 2967 hoc
984 2931 1092 2975 quod
1115 2931 1310 2967 accidens
1329 2931 1366 2966 in
1383 2931 1653 2975 sequentibus
1675 2931 1882 2967 describe-

213 2998 278 3031 tur
298 2998 338 3032 et
365 2996 533 3032 omnino
558 2998 776 3032 teneamus
806 2997 908 3032 haec
936 2998 1103 3041 praeter
1123 2996 1430 3041 corruptionem
1454 2997 1604 3032 abesse
1632 3006 1714 3032 non
1742 3006 1881 3042 posse.

333 3096 351 3124 ἴ)
381 3095 598 3126 auctoritate
623 3096 647 3125 ,1
727 3096 784 3125 5-6
808 3095 1035 3134 ignorantem
1066 3094 1090 3126 A
1172 3096 1210 3125 123
1233 3093 1463 3135 contingere]
1490 3095 1547 3126 die
1567 3096 1593 3125 A
1665 3096 1707 3126 :35
1730 3094 1881 3127 nullisA

213 3154 256 3185 :38
285 3151 439 3192 unitate]
467 3153 623 3186 veritate.
652 3154 678 3184 ,Ι
733 3151 883 3193 corpus]
911 3161 1035 3185 eorum
1063 3153 1090 3185 A
1145 3153 1360 3193 acceptione
1390 3154 1430 3186 Λ.

1909 1115 1930 1146 r.
1962 1116 2004 1147 13
2018 1124 2036 1143 r
