2200 3387
564 223 592 254 1.
622 221 685 254 Die
712 221 868 253 Glossen
896 229 938 252 zu
968 219 1201 259 Porphyrius.
1301 219 1353 250 l)e
1380 220 1516 259 specio.
1829 217 1867 250 51

205 318 251 354 ΕΙ
277 328 411 354 uuum
433 318 640 363 quodque.
694 318 750 353 Ne
774 317 1014 353 viderentur
1029 326 1125 352 esse
1153 325 1310 360 genera
1339 316 1394 352 ita
1421 319 1462 352 ct
1489 316 1654 360 specics
1688 326 1739 351 ea
1767 325 1873 360 quac

204 383 244 419 in
273 382 409 420 medio
437 386 543 421 sunt.
572 383 679 427 quod
710 382 804 418 illud
832 382 940 426 quod
969 391 1113 426 genus.
1148 391 1229 416 non
1259 383 1374 416 esset
1402 382 1578 426 specics.
1616 381 1797 417 ostendit
1824 391 1874 416 ca

204 450 378 494 utraque
406 457 515 488 esse.
553 447 627 484 sed
664 457 745 482 non
777 446 925 483 eodem
957 448 1162 491 respectu.
1217 446 1273 481 Ea
1301 456 1411 490 quae
1431 449 1539 481 mm.
1593 446 1702 481 Dixit
1735 446 1875 482 indefi-

206 513 289 549 nite
317 522 368 549 ea
395 522 503 558 quae
530 514 625 548 sunt
652 512 691 548 in
722 512 868 550 medio.
896 521 988 548 esse
1017 512 1270 551 subalterna.
1298 520 1405 556 quae
1426 512 1584 556 repetit.
1614 514 1656 546 ut
1678 512 1727 546 (le
1750 511 1876 547 omni-

169 586 185 609 ⁵
205 579 282 614 bus
316 578 521 616 ostendat.
555 587 662 622 quae
690 579 796 617 sunt,
836 576 994 612 scilicet
1031 586 1055 612 a
1089 576 1400 621 specialissimis
1441 585 1573 621 usque
1613 577 1663 612 ad
1704 586 1875 621 genera-

207 643 375 679 lissima.
428 643 502 679 Vel
530 643 624 678 ideo
659 642 781 678 etiam
821 641 983 687 repetit.
1016 643 1059 677 ut
1095 641 1301 686 quandam
1336 641 1642 677 similitudinem
1684 642 1875 677 ostendat

208 708 315 744 inter
330 708 670 753 praedicamenta
685 709 726 743 et
741 706 928 744 familias.
945 706 984 742 id
1001 708 1065 742 est
1079 706 1386 751 generationes.
1403 707 1510 751 quod
1533 706 1725 742 videficet
1740 716 1878 752 quem-

206 772 427 809 admodum
457 772 496 808 in
524 772 689 808 familiis
723 771 852 808 ultimi
880 771 1072 807 dicuntur
1099 771 1244 816 eisque
1277 771 1527 817 cognatione
1557 771 1788 817 iunguntur.
1822 772 1877 807 ita

207 837 246 874 in
274 837 624 883 praedicamentis
652 836 850 873 inferiora
869 836 1154 881 superioribus
1176 845 1250 881 per
1272 836 1625 881 praedicationem
1649 836 1876 872 mediorum

155 909 186 933 ιο
206 903 489 938 conectuntur.
542 901 642 938 Nam
671 901 767 946 quia
794 901 917 937 homo
953 901 1104 937 animal
1133 903 1197 937 est
1224 902 1265 937 et
1293 910 1414 937 omne
1451 901 1603 937 animal
1632 902 1877 941 substantia.

203 967 376 1009 <homo>
403 976 569 1012 quoque
596 967 831 1003 substantia
859 976 954 1003 esse
989 969 1253 1004 monstratur.
1292 968 1334 1003 et
1369 967 1467 1012 quia
1494 967 1780 1013 Agamemnon
1815 969 1879 1003 est

206 1032 257 1068 de
294 1041 450 1078 genere
479 1032 604 1071 Atrei.
632 1032 784 1068 Atreus
822 1032 873 1068 de
907 1041 1065 1078 genere
1101 1031 1232 1072 aevis,
1272 1032 1362 1077 ipse
1399 1041 1563 1077 quoque
1592 1032 1876 1078 Agamemnon

205 1106 230 1133 a
255 1097 362 1133 ‹love
390 1097 649 1133 descendere
683 1097 954 1133 convincitur.
1019 1097 1066 1132 Et
1111 1097 1311 1133 ultimum
1352 1098 1482 1139 Jove‘s,
1513 1097 1632 1134 Jovis
1669 1100 1733 1133 est
1770 1097 1878 1138 filius

206 1162 375 1199 scilicet.
428 1162 598 1200 ο(Ιονθῐη,
621 1162 751 1207 inquit
773 1162 1052 1200 Boethius1.
1075 1172 1148 1207 pro
1177 1163 1416 1199 reverentia
1439 1163 1616 1198 numinis
1637 1163 1772 1208 posuit
1793 1163 1880 1199 ulti-

155 1237 186 1263 1⁵
207 1236 328 1264 mum.
369 1227 470 1264 Nam
492 1230 690 1272 quantum
712 1227 764 1264 ad
786 1230 954 1264 veteres
976 1227 1194 1273 theologos
1213 1227 1375 1273 Jupiter
1387 1228 1564 1264 refertur
1578 1228 1629 1264 ad
1647 1228 1878 1266 Saturnum.

207 1290 409 1328 Saturnus
429 1291 482 1328 ad
497 1291 693 1330 Caelium.
715 1291 881 1327 Caelius
903 1300 1004 1328 vero
1027 1292 1078 1328 ad
1099 1292 1433 1336 antiquissimum
1453 1291 1685 1337 Opnionem
1708 1292 1879 1328 ducitur.

207 1356 324 1393 cuius
351 1356 553 1402 ophionis
580 1356 733 1392 nullum
762 1356 1005 1402 principium
1033 1358 1119 1393 est:

349 1422 430 1457 Sed
458 1422 498 1457 ιή
528 1421 721 1457 familiis:
773 1421 831 1457 Ne
859 1422 1029 1467 propter
1055 1422 1363 1458 similitudinem
1385 1431 1587 1458 ascensus
1613 1422 1750 1458 datam
1773 1422 1880 1458 inter

209 1486 550 1532 praedicamenta
577 1488 617 1522 et
643 1486 821 1522 familias
850 1487 1069 1522 videantur
1097 1486 1263 1523 diversa
1289 1487 1631 1532 praedicamenta
1667 1487 1719 1523 ad
1755 1496 1878 1523 unum

154 1562 189 1588 20
208 1561 341 1597 genus
362 1561 488 1597 posse
515 1551 668 1592 reduci.
697 1551 802 1588 sicut
830 1552 1022 1588 diversae
1049 1551 1231 1588 familiae
1253 1552 1306 1588 ad
1333 1562 1458 1588 unum
1480 1554 1652 1597 patrem.
1681 1552 1775 1588 ideo
1803 1552 1881 1588 hoc

208 1618 398 1653 removet
423 1625 498 1662 per
525 1626 613 1658 ens,
646 1616 685 1652 id
713 1619 776 1652 est
803 1617 854 1653 de
882 1626 963 1662 quo
993 1617 1124 1663 magis
1152 1617 1373 1656 videretur.
1402 1617 1511 1663 quod
1538 1627 1672 1663 genus
1700 1617 1881 1653 omnium

209 1683 333 1722 esset.
361 1681 457 1727 quia
484 1681 642 1718 scilicet
669 1681 719 1717 de
749 1681 939 1718 omnibus
968 1682 1244 1727 praedicatur.
1297 1681 1363 1718 Sic
1391 1682 1533 1728 iunge:
1568 1682 1608 1718 in
1644 1682 1880 1727 supradicto

209 1746 464 1783 conveniunt
495 1745 677 1782 familiae
712 1748 753 1782 et
780 1746 1132 1791 praedicamenta.
1167 1747 1241 1783 sed
1278 1747 1317 1783 in
1355 1747 1434 1783 hoc
1462 1747 1668 1788 differunt.
1703 1747 1813 1792 quod
1840 1747 1880 1782 in

209 1811 373 1848 familiis
395 1811 572 1847 diversis
594 1811 784 1848 homines
807 1812 1049 1857 plerumque
1069 1812 1323 1848 reducuntur
1343 1812 1397 1848 ad
1420 1822 1543 1848 unum
1563 1812 1820 1857 principium.
1842 1812 1881 1848 id

155 1892 189 1917 π
210 1879 275 1913 est
295 1876 347 1913 ad
363 1886 487 1913 unum
503 1878 674 1922 patrem.
721 1876 802 1913 Sed
822 1886 952 1922 quare
967 1878 1221 1922 plerumque,
1242 1877 1281 1913 id
1297 1879 1362 1913 est
1377 1877 1611 1922 aliquando.
1628 1887 1720 1913 cum
1736 1887 1881 1913 omnes

209 1942 507 1988 generationes
541 1941 592 1978 ad
627 1951 763 1980 unum.
798 1941 958 1978 scilicet
980 1942 1032 1978 ad
1060 1942 1234 1987 primum
1266 1942 1486 1983 hominem.
1515 1943 1656 1979 reduci
1684 1942 1882 1988 possunt?

352 2006 421 2042 Ad
457 2005 584 2051 quod
621 2006 1003 2051 respondemus,
1032 2006 1128 2051 quia
1163 2007 1306 2043 reduci
1342 2006 1638 2052 generationes
1675 2016 1758 2043 non
1786 2007 1881 2044 vult.

210 2069 290 2105 nisi
318 2069 512 2114 quamdiu
540 2069 641 2106 certi
668 2070 823 2115 gradus
850 2070 1225 2116 consanguinitatis
1252 2070 1483 2116 computari
1510 2072 1685 2116 possunt
1711 2071 1777 2107 vel
1810 2080 1884 2116 per

211 2135 362 2180 patres.
403 2144 478 2180 per
512 2134 632 2174 filios.
672 2137 861 2180 nepotes.
903 2137 1117 2181 cognatos.
1182 2136 1387 2172 Praesens
1427 2145 1528 2172 vero
1565 2136 1777 2172 hominum
1816 2145 1883 2181 ge-

158 2217 193 2242 30
213 2199 373 2236 neratio
401 2200 454 2236 ab
481 2200 613 2236 Adam
642 2200 722 2236 iam
750 2201 872 2237 valde
901 2203 966 2237 est
992 2203 1164 2242 remota.
1193 2202 1236 2237 ut
1263 2201 1362 2237 nulli
1388 2201 1469 2237 sint
1493 2201 1532 2237 in
1561 2211 1613 2238 ea
1633 2202 1701 2246 qui
1726 2203 1883 2238 certum

212 2265 474 2311 cognationis
505 2264 679 2311 gradum
718 2265 769 2301 ad
807 2265 941 2311 ipsum
979 2266 1171 2302 habeant.
1224 2266 1297 2303 Vel
1339 2266 1433 2303 ideo
1470 2267 1734 2311 ,plerumque
1776 2267 1882 2308 dicit,

213 2329 311 2374 quia
337 2330 532 2367 defuncto
560 2332 677 2376 patre
705 2330 786 2366 iarn
819 2331 872 2367 ad
905 2340 999 2367 eum
1034 2331 1176 2368 reduci
1212 2341 1295 2367 non
1334 2333 1519 2376 possunt.
1557 2332 1653 2376 quia
1690 2333 1769 2368 iam
1807 2341 1884 2368 nec

213 2395 333 2439 pater
359 2393 517 2430 dicitur.
570 2394 615 2430 In
653 2395 879 2438 yenerihus
913 2397 1057 2431 (mrem
1094 2398 1130 2431 e!
1168 2396 1394 2440 speciebus,
1428 2396 1686 2432 diversorum
1728 2396 1885 2432 scilicet

213 2459 659 2504 praedicamentorum.
682 2459 685 2504 Ι
712 2469 798 2496 non
824 2460 884 2495 sic
909 2470 951 2495 se
978 2461 1112 2503 lmlwt,
1139 2461 1249 2506 quod
1277 2460 1437 2497 scilicet
1463 2461 1569 2497 sicut
1595 2461 1648 2497 illi
1677 2461 1728 2497 ad
1756 2471 1880 2496 unum

159 2525 386 2569 215patrem.
430 2524 487 2560 ita
521 2524 625 2560 haec
652 2524 704 2560 ad
738 2534 861 2561 unum
898 2535 1030 2571 genus
1067 2526 1332 2562 reducuntur.
1386 2526 1530 2567 Habet,
1569 2526 1784 2562 subaudis:
1825 2526 1883 2562 rei

215 2588 382 2628 veritas.
409 2589 475 2625 vel
503 2589 639 2634 potius
667 2589 945 2635 impersonale
974 2590 1036 2630 sit.
1071 2590 1177 2626 sicut
1204 2592 1289 2628 ,est·
1319 2591 1491 2627 verbum
1519 2591 1741 2636 aliquando
1770 2591 1885 2627 iuxta

215 2653 310 2689 illud
338 2653 631 2690 Prisciani²t
670 2654 750 2694 ,Est
777 2655 944 2700 quando
967 2655 1143 2691 Aeoles.·
1198 2656 1336 2700 Neque
1362 2656 1488 2691 enim.
1542 2656 1690 2692 Probat
1718 2656 1884 2692 diversa

357 2788 376 2820 3
405 2787 533 2820 eadem
561 2787 589 2820 A
717 2789 752 2820 11
790 2788 898 2821 homo
934 2789 1088 2832 addidi,v
1117 2789 1258 2821 laeum!
1294 2790 1332 2821 e‘n
1360 2789 1388 2821 A
1509 2791 1548 2822 12
1576 2788 1696 2829 Jovisl
1735 2791 1828 2830 ignis
1855 2790 1884 2823 A

218 2846 259 2878 13
281 2855 302 2878 a
322 2845 431 2885 Jove]
452 2848 486 2878 ai
508 2846 577 2879 qve
598 2846 625 2878 A
712 2847 753 2878 16
775 2847 937 2879 Caelium
960 2847 1069 2879 multe·
1090 2847 1194 2880 eorm.
1219 2848 1344 2879 Bovllz.
1362 2847 1509 2880 Caelum
1531 2848 1654 2880 mlitnr
1725 2850 1766 2880 18
1791 2849 1886 2881 teda-

215 2906 287 2937 tam
315 2904 343 2936 A
444 2904 486 2936 34
516 2902 628 2945 quod]
657 2905 743 2945 quia
769 2904 797 2938 A

359 2978 369 3001 ¹
397 2979 561 3018 Boeth..
589 2979 679 3016 l.·‹·.,
708 2988 741 3020 p.
770 2979 892 3012 22110.

356 3038 372 3059 '-'
397 3037 547 3074 Prisc..
571 3038 659 3070 lust.
674 3047 838 3078 aramue.
861 3039 916 3070 ed.
933 3039 1066 3071 Hertz
1089 3039 1099 3071 l
1125 3040 1165 3071 15
1182 3039 1226 3071 ¹⁴:
1256 3039 1317 3071 list
1333 3041 1452 3071 tamen
1477 3039 1624 3079 quando
1646 3040 1738 3072 idem
1762 3041 1886 3073 Aeolis

216 3097 448 3130 inveniuntur
474 3106 540 3137 pro
567 3097 700 3138 duplici
729 3106 877 3138 quoque
903 3100 1130 3131 consonante
1157 3099 1340 3139 digamma
1368 3099 1548 3139 posuisse.

1696 3148 1710 3178 ⁴
1729 3147 1743 3163 Ο

1908 1396 2039 1431 Boctli.

1907 1455 1938 1488 p.
1951 1443 2072 1489 2:30113

1909 2465 1930 2496 Ι.
1960 2466 2009 2495 81*
