2200 3387
348 251 416 285 208
748 252 853 284 l'eter
880 252 1082 285 Abnoba-ds
1111 248 1243 293 Logieu
1272 249 1596 293 ,ingredientibusz

345 349 551 394 assignari
579 349 888 386 convenienter.
917 351 959 384 ut
986 351 1292 385 convertantur.
1344 349 1388 383 Si
1416 351 1556 385 aulem
1591 349 1650 384 sie
1685 349 1930 389 reddantur,
1967 349 2004 385 id

347 414 410 447 est
438 412 471 447 si
499 412 799 448 convenienter
826 412 1089 457 assignentur
1117 415 1190 448 ete.

488 476 757 516 Quaeritur
778 479 926 514 autem,
949 479 1080 512 utrum
1105 477 1182 512 dici
1203 477 1253 512 ad
1275 476 1611 512 convenientiam
1636 476 1842 521 proprium
1867 476 1919 512 sit
1945 486 2006 512 re-

347 542 574 577 lativorum.
619 541 735 582 Quod
763 543 942 578 tortasse
971 542 1065 577 inde
1094 542 1256 577 videtur
1276 542 1384 585 quod
1414 541 1724 577 Aristoteles
1756 542 1862 577 hanc
1899 551 2005 577 com-

352 607 591 642 munitatem
619 607 808 643 omnibus
843 607 1027 642 relativis
1064 606 1246 642 attribuit
1282 616 1358 641 nec
1392 616 1482 641 eam
1520 607 1643 642 rebus
1680 605 1770 641 aliis
1806 606 2003 651 assignat.
2025 613 2041 636 ⁵

345 672 417 707 Cui
445 672 728 716 opponitur.
766 672 873 716 quod
914 682 992 706 non
1029 671 1080 706 sit
1108 671 1328 715 proprium,
1365 671 1460 715 quia
1495 670 1585 706 aliis
1623 680 1786 715 quoque
1821 671 2005 706 converti

344 736 549 772 convenit.
601 736 699 772 Cum
729 738 835 772 enim
865 737 925 771 sol
961 746 1085 781 super
1119 738 1269 771 terram
1308 739 1380 772 081,
1417 736 1506 771 dies
1543 739 1607 771 081
1645 737 1685 771 01
1724 745 1745 772 0
1787 745 2003 772 converso.

344 799 471 835 Huius
500 802 635 836 autem
659 800 716 835 rei
745 802 850 835 teste
868 800 1020 835 Boeth
1036 800 1101 834 i0¹
1134 799 1431 835 lamblichus
1454 800 1557 834 duas
1580 800 1745 844 protulit
1766 799 2003 842 solutiones,

343 873 465 899 unam
494 873 807 908 supervacuam.
835 863 955 898 aliam
986 864 1219 907 perfortem.
1274 863 1339 898 Ait
1366 863 1473 898 enim
1503 863 1554 898 1111
1585 863 1765 899 oi't'icere.
1794 863 1827 897 si
1855 864 1896 898 et
1925 863 2005 899 alia

343 931 647 964 convertantur.
700 928 786 963 Non
805 928 924 965 enim.
948 928 1087 972 inquit.
1110 928 1209 963 solis
1232 928 1414 963 relativis
1437 929 1514 963 hoc
1535 928 1686 964 inesse.
1709 928 1781 963 sed
1805 927 2003 963 omnibus
2027 937 2059 962 10

344 992 472 1027 Aliam
503 1002 602 1027 vero
632 1002 798 1027 eausam
827 992 959 1027 attulit
998 1001 1167 1036 prorsus
1204 1000 1383 1036 ¹qravem.
1436 992 1502 1027 Ait
1538 992 1644 1027 enim
1682 990 1890 1036 proprium
1926 991 2004 1026 hoc

345 1066 440 1092 esse
465 1054 732 1092 'relativorum
762 1057 987 1092 secundum
1017 1056 1195 1101 aliquam
1225 1057 1505 1092 habitudinem
1535 1057 1584 1092 ad
1608 1057 1784 1092 invicem
1807 1056 2003 1092 converti.

343 1121 459 1160 Quod
488 1130 588 1156 vero
617 1120 730 1156 dicit:
769 1130 903 1162 *cums-
932 1121 991 1155 sol
1021 1122 1083 1155 est
1110 1130 1235 1165 super
1262 1123 1424 1156 terram.
1460 1120 1549 1156 dies
1577 1122 1640 1155 est
1668 1123 1708 1156 et
1736 1130 1757 1155 0
1786 1129 2002 1157 converso.

342 1184 491 1219 nullam
532 1184 810 1219 habitudinem
852 1185 1065 1221 monstrat,
1112 1184 1185 1219 scd
1227 1185 1381 1219 tantum
1429 1184 1769 1228 consequentiam
1810 1184 2002 1219 ostendit.

345 1248 443 1284 Cum
466 1258 567 1284 vero
589 1249 735 1284 dicitur
763 1249 879 1286 ‚iilius
902 1249 1030 1293 patris
1058 1249 1176 1284 l'ilius‘
1206 1252 1246 1284 et
1273 1258 1295 1284 e
1318 1258 1534 1286 converso,
1562 1248 1757 1284 habItudo
1780 1250 1820 1284 et
1840 1257 2003 1293 compa·
2026 1252 2057 1277 15

343 1314 448 1350 ratio
478 1316 518 1349 et
546 1314 851 1358 quodammodo
880 1314 1135 1350 continentia
1167 1316 1432 1358 utrorumque
1461 1313 1705 1349 declaratur.
1754 1313 1874 1349 Unde
1900 1313 2003 1350 1010-

343 1379 517 1414 tivorum
546 1379 766 1414 conversio
795 1379 1020 1414 secundum
1049 1388 1190 1414 eorum
1226 1379 1521 1414 continentiam
1557 1381 1597 1414 et
1633 1378 1912 1414 habitudinem
1948 1378 2004 1414 fa—

341 1444 489 1480 cienda
528 1444 775 1488 intelligitur.
835 1444 913 1479 Sed
953 1444 1129 1479 occurrit
1169 1444 1421 1488 quaestio.
1462 1445 1568 1488 quod
1611 1444 1644 1478 si
1685 1443 2000 1479 conversionem

342 1509 566 1545 secundum
596 1509 877 1545 habitudinem
910 1509 1154 1544 relationum
1190 1509 1267 1544 hoc
1301 1510 1392 1544 1000
1429 1509 1664 1553 accipimus.
1693 1508 1802 1544 veris
1839 1508 2001 1553 quidem

341 1572 526 1609 relativis
563 1573 754 1608 omnibus
791 1573 1023 1609 conveniet.
1061 1573 1135 1608 sed
1170 1582 1252 1608 non
1287 1573 1476 1607 omnibus
1513 1582 1620 1617 quae
1657 1573 1733 1607 sub
1774 1572 2004 1616 praemissa
2024 1579 2058 1604 20

337 1636 599 1673 Platonica
636 1637 701 1672 vel
737 1636 819 1672 alia
854 1637 992 1672 multa.
1045 1636 1162 1672 Unde
1202 1638 1380 1673 fortasse
1421 1646 1510 1672 cum
1552 1637 1857 1672 Aristoteles
1897 1637 2002 1671 hanc

338 1700 672 1736 communitatem
703 1699 792 1736 istis
820 1700 943 1736 etiam
972 1700 1214 1745 assignavit,
1249 1700 1482 1745 opinionem
1512 1700 1683 1736 aliorum
1711 1699 1843 1745 mag-is
1878 1709 1999 1744 quam

338 1765 552 1801 veritatem
581 1767 747 1801 secutus
774 1766 848 1800 est.
901 1764 941 1800 Si
970 1765 1078 1801 enim
1106 1765 1323 1801 veritatem
1351 1765 1596 1803 attenderet.
1620 1774 1753 1809 aeque
1773 1765 1879 1800 hanc
1900 1765 2002 1800 assi—

337 1830 575 1875 gnationem
604 1830 845 1866 calumniari
873 1832 1035 1874 posset:
1071 1830 1148 1867 ,ala
1177 1830 1275 1866 alati
1303 1830 1379 1866 ala*
1408 1830 1472 1865 vel
1502 1839 1649 1866 ,1001118
1676 1829 1810 1865 remiti
1839 1837 2000 1867 remus.

338 1893 443 1929 sicut
470 1895 644 1929 ceteras.
697 1894 856 1938 Quippe
884 1903 1024 1929 remus
1054 1896 1117 1930 est
1151 1895 1213 1930 vel
1251 1894 1327 1931 ala,
1366 1894 1488 1930 etiam
1526 1893 1690 1938 quando
1725 1903 1806 1929 non
1843 1894 1908 1929 est
1938 1902 2000 1929 re·
2020 1901 2055 1926 25

336 1957 422 1993 miti
450 1958 515 1994 vel
545 1957 654 1993 alati.
707 1957 771 1993 Sic
801 1967 964 2002 quoque
994 1960 1034 1993 01
1061 1966 1112 1993 00
1139 1958 1371 2002 proprietas
1408 1967 1514 2002 quae
1551 1957 1806 2002 supponitur,
1843 1956 2000 1993 scilicet

341 2022 458 2058 simul
487 2032 582 2058 esse
612 2024 770 2060 natura.
808 2022 896 2057 istis
926 2022 1129 2058 veraciter
1156 2022 1287 2067 aptari
1322 2032 1403 2057 non
1440 2024 1577 2067 potest
1614 2021 1719 2057 sicut
1756 2030 1834 2058 nec
1870 2020 1999 2056 scibili

337 2088 377 2122 et
405 2087 617 2123 scientiae.
670 2087 745 2122 Ala
773 2087 881 2122 enim
911 2088 951 2122 et
979 2096 1116 2122 remus
1143 2087 1383 2122 naturaliter
1418 2088 1627 2130 tamquam
1655 2095 1809 2129 causae
1838 2085 1997 2130 priores

339 2154 434 2187 sunt
461 2151 570 2187 alato
599 2152 660 2186 vel
691 2151 849 2187 1001110.
905 2151 1018 2187 [’0(10
1046 2151 1252 2187 credimus
1286 2152 1421 2196 potius
1448 2142 1523 2187 has
1552 2151 1654 2186 duas
1681 2150 1998 2186 communitates

335 2216 498 2251 ultimas
527 2217 577 2251 ab
606 2216 882 2251 Aristotele
920 2217 1143 2252 secundum
1174 2216 1411 2261 opinionem
1447 2216 1618 2251 aliorum
1657 2215 1792 2251 induci
1820 2215 1888 2259 qui
1915 2224 1996 2250 non
2018 2225 2054 2251 80

335 2281 446 2316 veris
474 2290 638 2325 quoque
667 2280 854 2316 relativis
884 2290 933 2316 ea
960 2281 1242 2325 assignabant.
1272 2281 1337 2316 vel
1364 2282 1544 2316 fortasse
1573 2290 1626 2316 ex
1654 2290 1730 2316 sua
1751 2282 1868 2325 parte
1888 2279 1999 2316 addi—

334 2345 457 2385 disse.
496 2348 537 2381 ut
565 2355 705 2381 00111111
735 2346 973 2390 opinionem
1002 2346 1212 2381 refelleret
1239 2347 1306 2390 qui
1336 2346 1444 2382 veris
1470 2345 1655 2381 relativis
1684 2355 1734 2381 ea
1762 2354 1867 2389 quae
1894 2345 1999 2381 rela-

333 2410 418 2446 tiva
444 2420 527 2446 non
557 2414 683 2446 erant.
713 2410 1004 2455 adiungebant.
1242 2460 1245 2461 ⁷

472 2474 740 2515 Quaeritur
777 2476 912 2513 etiam,
950 2478 1082 2511 utrum
1122 2477 1347 2511 secundum
1384 2476 1638 2521 praedictam
1679 2474 1995 2511 conversionem

332 2541 383 2576 ad
412 2549 457 2576 se
485 2540 658 2575 invicem
688 2540 895 2585 assignari
923 2540 1082 2585 possint
1108 2541 1241 2576 albius
1269 2542 1309 2577 et
1348 2541 1481 2576 minus
1517 2541 1665 2577 album.
1704 2541 1920 2585 percutere
1958 2541 1998 2575 et
2017 2545 2053 2572 35

333 2605 500 2649 percuti.
529 2614 636 2649 quae
663 2605 814 2641 tamen.
853 2614 941 2640 011111
981 2614 1062 2640 11011
1092 2605 1309 2640 videantur
1345 2605 1528 2642 relativa.
1566 2605 1683 2640 simul
1723 2613 1816 2640 esse
1852 2604 1999 2639 natura

332 2669 524 2705 videntur
550 2671 590 2705 et
618 2669 816 2705 converti.
869 2669 948 2705 Sed
978 2670 1164 2714 proiecto
1193 2672 1411 2714 percutere
1449 2671 1489 2705 et
1526 2669 1694 2714 percuti,
1729 2678 1836 2713 quae
1873 2668 1997 2704 actio-

332 2734 394 2769 nis
423 2735 463 2769 et
489 2734 698 2778 passionis
733 2733 995 2778 designativa
1029 2736 1134 2771 sunt,
1173 2736 1337 2770 constat
1376 2735 1603 2770 secundum
1640 2733 1922 2769 habitudinem
1958 2735 1998 2768 01

333 2800 566 2843 respectum
602 2799 847 2834 relationum
886 2808 967 2834 non
1008 2799 1162 2834 habere
1201 2799 1517 2835 conversionem
1559 2808 1665 2843 quae
1704 2807 1829 2842 supra
1864 2797 1998 2833 deter-

476 2931 489 2961 1
519 2928 571 2969 ut]
599 2938 668 2962 non
697 2930 725 2962 A
827 2932 845 2961 8
874 2930 1051 2962 lambicus
1078 2931 1102 2962 „l
1208 2931 1249 2962 20
1270 2932 1358 2971 post
1378 2931 1583 2970 praemissa
1611 2931 1651 2962 'in
1676 2930 1701 2962 Λ
1734 2930 1915 2962 vocabula
1935 2929 1994 2960 ‹Iv-

332 2988 443 3019 Ielum
460 2990 523 3020 est.
556 2989 687 3020 Tenus·
709 2991 914 3029 corruptus·
935 2991 988 3021 est
1092 2990 1134 3020 36
1157 2988 1292 3029 tamen]
1315 2990 1446 3021 actioni
1466 2991 1513 3020 tffi
1533 2990 1578 3027 .»1;
1603 2998 1672 3029 pm·
1692 2988 1995 3029 (liltoslraphiam

333 3047 390 3077 hir
417 3047 516 3078 salso
540 3048 668 3088 posila
696 3056 775 3079 esse
802 3048 997 3085 ridentum
1023 3049 1065 3081 es.
1094 3058 1125 3080 v.
1154 3050 1302 3080 537—:isz
1533 3035 1537 3038 ⁴

475 3118 480 3136 ¹
511 3117 657 3148 Boeth.
688 3118 707 3148 l.
738 3130 775 3151 c..
807 3127 837 3157 p
868 3118 933 3150 224
952 3118 988 3149 D.
