2200 3387
289 241 357 276 250
691 244 798 276 Peter
822 244 1028 277 Abaelards
1056 244 1192 285 Logica
1218 243 1544 286 ,Ingredientibus‘.

290 340 653 376 inconvenientem
668 340 964 377 definitionem.
986 340 1103 377 Unde
1120 341 1267 386 aliquis
1281 341 1426 386 posset
1441 341 1676 377 conturbari
1688 351 1763 386 pro
1778 351 1829 378 eo
1845 342 1954 387 quod

289 405 547 450 superius1
585 405 859 450 praemiserat
895 406 1154 442 diversorum
1188 415 1388 451 generum
1427 408 1468 442 et
1511 415 1593 442 non
1642 406 1954 442 subalternatim

290 470 515 515 positorum
544 470 734 506 diversas
762 471 925 515 species
954 472 994 506 et
1021 470 1286 507 differentias.
1338 471 1456 507 Unde
1477 471 1584 507 hanc
1602 471 1954 516 perturbationem

288 537 477 572 removet
504 536 646 572 dicens
669 546 751 572 non
773 536 927 572 debere
949 536 1125 581 aliquem
1148 536 1381 581 perturbari
1400 536 1490 577 hoc,
1518 536 1614 581 quia
1640 536 1797 572 scilicet
1822 536 1954 573 istud

289 601 439 637 dictum
475 603 538 637 est
571 601 798 637 secundum
825 601 1054 638 veritatem.
1091 602 1201 646 quod
1238 601 1396 637 scilicet
1431 603 1527 637 sunt
1563 601 1794 646 qualitates,
1835 600 1991 637 illud5

289 666 516 702 secundum
553 666 725 702 aliorum
763 667 1012 711 opinionem,
1050 666 1158 711 quod
1194 666 1388 702 videlicet
1424 667 1519 702 sunt
1553 666 1737 707 relativa,
1773 675 1856 702 non
1893 675 1955 702 se-

289 730 465 766 cundum
494 730 554 766 rei
581 730 811 766 veritatem.
865 730 982 770 Quod
1004 732 1141 766 autem
1169 730 1345 766 relativa
1366 739 1448 766 non
1471 729 1562 771 sint,
1584 730 1674 775 ipse
1695 739 1770 775 per
1790 730 1954 775 species

289 795 492 832 ostendet,
521 804 626 839 quae
654 795 748 831 ideo
783 795 1001 839 qualitates
1037 795 1236 835 dicuntur,
1274 795 1370 840 quia
1406 795 1543 840 qualia
1577 794 1742 831 faciunt.
1795 794 1955 840 Quippe

288 860 435 896 eadem
465 860 514 896 de
543 869 671 896 causa
698 869 856 906 genera
878 860 956 896 dici
976 862 1153 905 possunt
1173 860 1408 905 qualitates,
1431 860 1606 905 qualiter
1626 860 1695 896 illa
1716 869 1822 905 quae
1841 859 1955 905 prius

288 934 511 970 posueram
540 925 647 961 inter
673 925 857 961 relativa.
909 925 1224 961 perturbaretur
1250 925 1409 970 aliquis.
1441 925 1514 962 sed
1541 935 1624 961 non
1653 925 1773 961 decet
1798 925 1954 970 pertur-
1976 933 2008 958 10

288 990 388 1026 bari,
424 990 481 1025 ita
507 990 671 1034 quidem
705 992 748 1026 ut
782 990 871 1035 ipse
906 991 1170 1035 perturbatus
1205 990 1341 1035 culpet
1374 1000 1463 1032 nos,
1503 990 1645 1027 dicens
1685 989 1843 1026 scilicet
1876 999 1955 1026 nos

287 1054 491 1091 facientes
519 1055 859 1100 propositionem,
892 1055 933 1091 id
969 1056 1033 1091 est
1069 1056 1300 1097 tractatum,
1337 1055 1388 1091 de
1423 1055 1619 1100 qualitate
1647 1057 1722 1091 etc.
1772 1055 1956 1091 Habitus

288 1120 413 1156 enim.
465 1119 512 1155 Et
539 1129 667 1164 quare
694 1120 772 1155 1100
800 1120 958 1156 diceret
985 1122 1129 1156 contra
1149 1130 1238 1161 nos,
1266 1129 1365 1157 0000
1387 1130 1526 1161 causa,
1555 1120 1651 1165 quia
1671 1120 1828 1157 scilicet
1848 1120 1955 1156 dice-

289 1185 433 1221 bamus
467 1185 709 1226 h.<abitum>
738 1187 778 1221 et
805 1185 1189 1231 d.<ispositi0nem>,
1224 1186 1303 1222 hoc
1335 1188 1400 1221 est
1439 1186 1641 1222 vocabula
1679 1185 1956 1231 significantia

143 1255 164 1287 Γ.
193 1255 260 1288 351·
287 1250 506 1296 qualitates
534 1250 692 1295 primae
720 1250 943 1291 maneriae,
980 1251 1203 1286 secundum
1231 1260 1348 1286 suam
1370 1250 1375 1296 Ι
1399 1251 1751 1287 constructionem
1778 1259 1874 1287 esse
1902 1250 1955 1286 ad
1976 1260 2009 1286 15

287 1315 451 1361 aliquid.
503 1316 638 1352 Paene
664 1316 790 1351 enim.
842 1315 927 1352 Nec
953 1315 1110 1357 mirum,
1145 1316 1179 1351 si
1205 1316 1285 1351 11οο
1313 1315 1561 1357 dicebamus,
1597 1315 1826 1352 secundum
1860 1324 1956 1351 con-

287 1380 555 1417 structionem
590 1381 758 1422 scilicet‚
792 1390 875 1417 non
903 1381 1131 1417 secundum
1167 1382 1355 1417 naturam
1392 1381 1463 1421 rei,
1492 1380 1589 1425 quia
1624 1380 1782 1417 80111001
1817 1380 1955 1417 omnia

288 1453 445 1491 genera
473 1445 750 1491 significantia
770 1444 1004 1481 huiusmodi
1025 1454 1105 1486 res,
1132 1445 1289 1481 scilicet
1310 1444 1530 1490 qualitates
1551 1444 1709 1489 primae
1730 1444 1955 1486 maneriae,

289 1510 478 1546 dicuntur
504 1510 556 1546 ad
576 1510 740 1555 aliquid,
761 1510 800 1546 id
823 1511 886 1546 est
906 1509 1143 1546 referuntur
1162 1510 1202 1546 in
1225 1509 1533 1546 constructione
1554 1509 1607 1546 ad
1627 1509 1747 1546 aliud.
1794 1509 1954 1551 ‚Paene‘

289 1574 397 1615 dicit,
425 1574 521 1619 quia
546 1574 725 1610 fortasse
753 1583 831 1611 nec
858 1574 997 1610 omnia
1032 1583 1189 1620 genera
1224 1573 1458 1610 huiusmodi
1496 1583 1564 1610 res
1601 1573 1857 1610 continentia
1893 1583 1955 1610 re·
1974 1583 2010 1610 20

288 1639 387 1676 ferri
413 1639 621 1681 volebant,
648 1639 753 1675 sicut
778 1639 959 1675 fortasse
986 1638 1118 1684 ipsum
1146 1638 1517 1685 generalissimum,
1545 1639 1654 1684 quod
1681 1640 1746 1675 est
1766 1639 1954 1684 qualitas,

289 1713 381 1740 eum
408 1705 547 1739 tamen
574 1703 678 1739 ratio
706 1712 789 1739 non
817 1705 942 1743 esset,
971 1712 1099 1748 quare
1126 1703 1231 1739 sicut
1257 1703 1433 1748 species,
1461 1703 1585 1739 etiam
1606 1712 1764 1749 genera
1782 1712 1867 1739 non
1893 1712 1956 1739 re-

288 1769 485 1805 ferantur.
543 1768 653 1804 Nam.
698 1778 804 1804 eum.
862 1768 972 1804 Vere
1015 1777 1174 1814 genera
1212 1767 1458 1808 referuntur,
1498 1768 1594 1813 quia
1633 1767 1860 1813 disciplina.
1920 1767 1955 1804 A

288 1836 418 1880 parte.
468 1834 663 1870 Alicuius
697 1834 823 1869 enim.
880 1833 928 1869 Et
962 1842 1062 1870 vere
1097 1833 1343 1874 referuntur,
1381 1833 1477 1879 quia
1511 1842 1586 1879 per
1620 1833 1869 1879 genetivum.
1920 1832 1955 1869 A

289 1900 418 1945 parte.
469 1898 516 1935 Et
542 1899 621 1935 1100
648 1901 726 1935 081;
753 1899 941 1935 alicuius
968 1899 1136 1941 dicitur,
1168 1899 1311 1944 utpote
1348 1898 1607 1944 disciplinati.
1657 1898 1820 1934 Eorum
1845 1908 1954 1934 vero.
1974 1908 2009 1934 25

290 1963 456 2000 Genera
481 1964 625 2000 volunt
651 1963 806 2005 referri,
835 1964 910 2000 sed
938 1964 1101 2009 species
1129 1973 1222 2000 non.
1275 1963 1444 2009 Singula
1475 1972 1675 2009 generum
1701 1964 1825 2000 vocat
1855 1962 1955 1999 infe-

288 2029 409 2070 riora,
438 2029 526 2065 sive
555 2029 636 2065 81111
662 2028 839 2074 species.
868 2028 956 2064 sive
983 2028 1206 2064 individua.
1257 2028 1302 2064 Si
1327 2029 1443 2064 forte.
1494 2028 1538 2064 In
1557 2028 1726 2073 propria
1745 2037 1850 2064 voce
1870 2037 1954 2064 non

289 2094 556 2140 assignantur
583 2094 634 2129 ad
661 2093 752 2134 alia,
780 2093 855 2129 sed
881 2093 923 2129 in
949 2093 1136 2139 generali
1162 2102 1278 2129 voce.
1331 2092 1449 2133 Quod
1476 2092 1533 2128 ait
1561 2092 1701 2134 ‚forte‘‚
1729 2092 1824 2128 ideo
1847 2092 1953 2134 dicit,

289 2167 343 2194 ne
375 2157 524 2203 aliquis
557 2158 683 2202 putet,
717 2156 827 2201 quod
864 2157 904 2192 in
943 2156 1004 2193 rei
1042 2156 1217 2193 veritate
1258 2156 1358 2192 velit
1395 2158 1564 2201 propter
1603 2156 1954 2193 constructionem

289 2223 394 2259 haec
440 2222 518 2258 dici
563 2222 615 2258 ad
659 2221 824 2267 aliquid.
876 2221 1159 2267 Quapropter.
1212 2220 1556 2266 Quandoquidem
1594 2221 1863 2267 grammatica
1913 2222 1954 2258 et
1972 2234 2008 2261 30

291 2286 449 2323 musica
480 2286 560 2323 hoc
591 2286 726 2331 ipsum
754 2286 864 2331 quod
900 2287 1006 2327 sunt,
1042 2295 1126 2322 non
1161 2285 1406 2322 referuntur.
1456 2285 1563 2331 Ergo
1602 2285 1801 2322 inferiora
1837 2285 1955 2322 disci-

291 2351 428 2397 plinae
455 2361 539 2387 non
566 2353 660 2387 sunt
687 2351 739 2387 ad
765 2350 978 2396 <aliquid>.
1029 2350 1063 2386 A
1090 2351 1275 2396 partibus
1312 2352 1353 2387 et
1389 2350 1667 2396 descriptione
1703 2351 1757 2387 ad
1791 2350 1954 2396 aliquid,

292 2426 398 2462 quae
427 2418 490 2453 est
517 2416 744 2452 secundum
771 2416 886 2453 alios.

103 2452 261 2543 1)ξὲἑόιέ
428 2480 625 2516 Dicimur
650 2481 764 2516 enim
780 2482 804 2515 2.
843 2480 919 2516 Hic
944 2479 1086 2525 incipit
1111 2479 1173 2516 rei
1192 2479 1412 2516 veritatem
1434 2480 1644 2526 detegere,
1669 2480 1779 2525 quod
1799 2479 1955 2516 scilicet

291 2546 332 2581 in
358 2546 419 2581 rei
445 2545 633 2586 veritate,
670 2545 897 2581 secundum
934 2544 1280 2590 significationem
1316 2545 1485 2581 scilicet.
1521 2545 1625 2581 haec
1660 2545 1828 2581 nomina
1863 2554 2008 2591 spe—35

292 2610 413 2646 cialia
440 2620 523 2646 non
551 2610 730 2646 debeant
757 2609 836 2646 dici
863 2609 1048 2649 relativa,
1076 2609 1171 2654 quia
1198 2609 1355 2645 scilicet
1381 2609 1518 2654 potius
1545 2611 1639 2646 sunt
1665 2609 1886 2655 qualitates
1913 2609 1954 2646 in

293 2673 608 2720 significatione.
660 2673 722 2709 Ab
750 2673 964 2718 oppositis.
1016 2672 1135 2713 Quod
1160 2682 1229 2709 res
1257 2673 1308 2709 ab
1336 2673 1396 2709 eis
1428 2672 1689 2719 significatae
1723 2673 1804 2709 81111
1830 2673 1955 2719 quali—

292 2740 411 2779 tates,
435 2738 616 2775 ostendit
637 2748 661 2774 a
683 2738 974 2783 descriptione,
996 2738 1091 2783 quia
1110 2737 1304 2774 videlicet
1322 2737 1479 2774 faciunt
1500 2737 1646 2783 qualia.
1696 2737 1745 2774 Et
1770 2738 1848 2774 hoc
1873 2739 1953 2774 est:

293 2803 480 2839 dicimur
517 2803 644 2844 Quale
681 2802 910 2839 secundum
940 2801 1199 2846 singularia,
1224 2802 1304 2838 hoc
1331 2804 1395 2838 est
1431 2801 1657 2838 secundum
1692 2811 1760 2838 res
1796 2801 1955 2847 specia-

291 2867 388 2904 lium
415 2867 636 2904 nominum.
688 2868 801 2904 Haec
827 2867 953 2903 enim.
1005 2867 1114 2903 Vere
1140 2868 1310 2912 propter
1344 2866 1579 2903 huiusmodi
1605 2866 1825 2912 qualitates
1859 2866 1954 2903 dici·
1972 2875 2008 2901 40

435 2996 454 3027 4
480 2997 688 3027 removeret
713 2995 742 3027 A
841 2992 925 3034 hoc]
952 2994 1046 3026 hanc
1073 2993 1102 3027 A
1258 2994 1277 3026 9
1300 2995 1391 3034 post
1417 2993 1614 3034 qualitates
1641 2993 1783 3026 lacuna
1808 2993 1849 3026 in
1876 2993 1953 3026 cod.

293 3053 335 3085 24
363 3054 519 3086 refertur
544 3053 573 3086 A
696 3054 738 3086 32
767 3053 902 3093 aliquid
931 3053 1064 3085 addidi
1089 3061 1132 3085 ez
1157 3053 1285 3085 Boeth.

434 3123 446 3145 ¹
473 3124 622 3157 Boeth.
651 3124 673 3156 l.
701 3133 740 3162 c.‚
767 3133 802 3165 p.
831 3125 897 3156 177
913 3124 955 3156 A.
1082 3123 1231 3156 Boeth.
1260 3123 1281 3155 l.
1310 3131 1348 3160 0.,
1377 3122 1502 3155 2600:
1529 3122 1666 3155 Dicitur
1692 3123 1823 3155 autem,
