2200 3387
125 1842 259 1877 Boeth.

109 1900 140 1933 p.
153 1891 218 1924 194
230 1892 260 1914 2⁰

282 218 326 251 4⁰
694 218 798 250 Peter
825 217 1028 250 Abaclards
1058 217 1189 257 Logica
1217 215 1541 257 ,Ingredientibus‘.

279 316 479 360 pluribus
504 315 825 359 praculicanlur,
854 314 892 350 id
921 315 984 350 est
1011 323 1036 349 a
1063 313 1307 358 quibusdam
1336 322 1490 351 eorum,
1518 314 1560 348 ut
1581 311 1774 349 videlicet
1800 322 1825 349 a
1851 323 1942 358 spe-

279 381 419 416 ciebus
448 380 558 417 solis.
593 379 631 414 id
659 381 722 415 est
749 379 1071 424 specialissimis.
1099 378 1236 414 differt
1263 387 1407 423 genus,
1434 377 1644 422 quoniam
1670 377 1827 422 species
1855 378 1943 420 etsi,

280 445 318 480 id
347 446 421 481 est.
450 444 638 489 quamvis
667 447 742 479 etc.
798 444 934 479 Homo
961 444 1086 479 enim.
1139 443 1247 479 Vere
1270 442 1434 488 species
1461 441 1724 487 praedicatur
1751 442 1802 478 de
1830 442 1942 478 diffe-

280 510 464 546 rentibus
499 518 682 546 numero.
717 519 798 545 non
833 509 985 554 specie.
1026 509 1121 553 quia
1155 508 1276 544 homo
1314 508 1364 543 de
1401 506 1501 543 istis.
1552 506 1585 543 A
1612 507 1810 552 partibus.
1863 507 1945 550 Qui

280 575 480 610 differ-met
513 585 537 609 (1
566 585 607 609 se
637 574 809 610 imv'eem
845 574 991 619 speeie,
1027 574 1064 609 id
1103 575 1166 609 est
1202 573 1251 608 de
1286 572 1348 608 his
1381 571 1630 608 nominibus:
1668 573 1788 612 bove,
1825 578 1980 617 equo,5

281 649 453 684 quorum
488 648 553 675 res
587 639 781 675 differunt
817 639 968 684 specie.
1020 640 1049 674 Α
1086 638 1268 683 proprio
1305 647 1410 673 vero.
1464 636 1644 673 Ostenso
1672 646 1747 682 per
1775 636 1946 681 ,praedi-

281 705 366 740 cari
387 704 437 740 de
460 704 745 740 differentibus
773 704 923 749 specie·
947 703 1112 739 differre
1141 712 1272 748 genus
1295 712 1319 738 a
1339 701 1662 747 specialissimis,
1697 701 1880 738 ostendit
1905 701 1946 737 in

282 770 429 806 eodem
456 770 590 814 ipsum
617 769 783 805 differre
812 779 836 805 a
863 768 1038 813 propriis
1068 777 1220 804 eorum.
1266 768 1297 803 Α
1328 767 1567 803 differentia
1597 776 1702 802 vero.
1755 765 1947 802 Ostendit

281 835 376 879 quid
406 835 599 871 excludat
627 834 767 870 ultima
795 833 1040 873 differentia.
1069 833 1226 869 scilicet
1247 832 1506 869 differentias
1522 834 1563 868 et
1583 831 1818 867 accidentia
1839 840 1946 876 quae

283 900 537 936 diversarum
576 899 809 944 specierum
843 899 1051 934 individua
1085 898 1308 937 continent,
1337 906 1443 942 quae
1476 907 1558 932 non
1592 897 1631 932 in
1660 896 1766 941 quid,
1804 895 1879 932 sed
1904 895 1946 931 in
1970 904 2001 929 ιθ

283 966 403 1009 quale
432 965 723 1009 praedicantur
744 965 808 1000 vel
831 964 870 999 in
893 964 1110 1008 ,quomodo
1133 972 1177 999 se
1204 963 1380 1000 habent.
1416 964 1458 998 ut
1485 962 1614 999 sedet.
1648 961 1767 1002 iacet,
1795 961 1861 997 vel
1895 961 1947 997 ad

283 1030 403 1065 aliam
428 1029 806 1075 interrogationem.
838 1031 880 1064 ut
908 1028 1141 1065 bicubitum.
1171 1027 1403 1063 tricubitum
1423 1027 1464 1063 in
1484 1028 1691 1071 quantum.
1751 1026 1948 1062 Commu-

285 1095 394 1130 niter
411 1095 706 1135 accidentibus,
730 1094 769 1129 id
792 1096 855 1130 est
876 1093 1161 1129 communibus
1184 1092 1478 1133 accidentibus,
1504 1101 1610 1136 quae
1636 1091 1802 1127 diversa
1822 1090 1948 1127 conti-

286 1162 392 1195 nent.
439 1159 534 1195 Ideo
557 1159 817 1196 determinat.
839 1159 935 1203 quia
955 1157 1220 1203 particularIa
1240 1157 1410 1192 nomina
1430 1156 1705 1193 accidentalia
1726 1165 1801 1200 per
1822 1163 1948 1200 ,prae-

286 1224 414 1260 dicari
433 1224 482 1259 de
504 1224 696 1269 pluribus·
721 1223 801 1259 iam
823 1225 918 1259 sunt
945 1223 1127 1261 exclusa,
1161 1224 1205 1258 ut
1230 1223 1309 1258 1100
1336 1221 1660 1267 grammaticum,
1693 1221 1772 1256 hoc
1799 1220 1947 1256 album.
1970 1228 2003 1254 15

287 1289 653 1333 Interroyantibns
691 1289 817 1324 enim.
868 1288 1020 1324 Probat
1059 1288 1111 1323 ab
1148 1287 1300 1323 effectu
1340 1286 1598 1323 differentias
1636 1287 1677 1321 et
1715 1284 1950 1321 accidentia

284 1354 515 1400 praedicari
537 1354 576 1390 in
599 1355 730 1398 quale.
759 1363 841 1389 non
870 1354 910 1389 in
938 1353 1044 1398 quid.
1073 1352 1170 1397 quia
1196 1352 1355 1388 scilicet
1381 1361 1458 1387 nos
1485 1351 1543 1387 ita
1563 1360 1614 1387 ea
1635 1350 1949 1396 respondemus.

284 1419 331 1455 Et
358 1420 436 1455 hoc
464 1422 542 1455 est:
578 1418 928 1465 interrogantibus
955 1418 1160 1463 aliquibus
1186 1417 1283 1453 illud
1311 1416 1362 1453 de
1396 1426 1476 1461 quo
1513 1417 1619 1452 haec
1645 1415 1950 1461 praedicantur,

287 1485 325 1521 id
353 1486 417 1520 est
444 1484 537 1520 dum
565 1484 721 1520 faciunt
747 1483 1116 1529 interrogationem
1149 1483 1199 1519 de
1234 1492 1284 1519 eo
1316 1482 1366 1518 de
1400 1491 1481 1527 quo
1518 1480 1752 1526 praedicari
1785 1480 1950 1521 habent,

286 1559 367 1585 non
395 1549 696 1594 respondemus
724 1558 775 1585 ea
802 1549 854 1585 ad
887 1548 1256 1594 interrogationem
1283 1547 1323 1583 in
1351 1547 1447 1592 quid
1470 1546 1634 1587 factam,
1661 1546 1734 1582 sed
1755 1545 1795 1581 in
1818 1545 1950 1590 quale.
1971 1558 2007 1585 20

287 1614 404 1654 Quod
425 1614 562 1650 statim
584 1614 623 1649 in
647 1614 830 1659 partibus
853 1613 1032 1649 ostendit
1046 1613 1121 1649 sic:
1145 1612 1434 1657 Interroyantz·
1461 1612 1575 1648 enim
1597 1612 1672 1647 etc.
1712 1611 1782 1646 Est
1796 1612 1951 1646 autem.

287 1679 599 1715 Commendatio
633 1681 697 1715 est
733 1679 1018 1724 exemplorum
1057 1680 1097 1714 et
1136 1678 1313 1714 redditio
1354 1686 1508 1713 causae
1545 1676 1618 1712 ita:
1657 1676 1818 1711 Bonum
1858 1673 1953 1711 dedi

287 1745 522 1789 exemplum
550 1744 600 1780 de
629 1744 865 1780 differentia
891 1753 967 1789 per
994 1743 1210 1783 rationale,
1239 1742 1289 1779 de
1318 1741 1523 1778 accidenti
1550 1750 1625 1786 per
1650 1740 1823 1787 nigrum,
1857 1739 1954 1785 quia

287 1810 365 1846 1100
392 1812 456 1845 est
483 1809 727 1845 differentia.
756 1809 852 1845 illud
880 1808 1085 1845 accidens.

430 1875 570 1918 Quare
597 1875 645 1909 de
669 1875 870 1919 pluribus
891 1876 967 1910 etc.
1018 1873 1234 1919 Epilogum
1255 1873 1353 1909 facit
1373 1871 1620 1918 recolligens
1642 1871 1835 1912 breviter,
1856 1870 1952 1915 quid
1971 1882 2007 1909 25

288 1942 512 1985 operentur
533 1940 721 1986 singulae
744 1939 1016 1975 differentiae.
1070 1938 1137 1974 Sic
1157 1938 1298 1983 iunge:
1312 1937 1410 1983 quia
1429 1936 1590 1982 prolixe
1611 1936 1788 1972 diximus
1808 1945 1951 1981 genus,

287 2004 469 2041 breviter
489 2004 790 2050 recolligamus.
842 2004 889 2039 Et
911 2006 974 2040 est
1001 2013 1129 2039 causa
1149 2003 1215 2039 vel
1242 2012 1267 2038 a
1293 2002 1479 2047 partibus
1504 2000 1730 2037 secundum
1759 2000 1953 2045 exempla

288 2070 502 2114 proposita
528 2069 573 2105 fit
599 2069 725 2105 illatio
753 2069 828 2105 sic:
869 2069 973 2109 Quia
1000 2068 1136 2105 differt
1163 2078 1295 2114 genus
1329 2077 1353 2103 a
1386 2066 1557 2103 Socrate
1593 2075 1668 2111 per
1705 2065 1952 2111 ‚praedicari

110 2113 259 2205 35³3?ss
285 2135 335 2170 de
364 2135 570 2179 pluribus:
606 2144 705 2180 ergo
733 2135 784 2170 ab
812 2133 1047 2172 individuis.
1076 2135 1116 2169 et
1150 2134 1207 2169 ita
1233 2133 1284 2168 de
1312 2132 1414 2168 aliis.
1467 2130 1536 2167 Nz'l
1564 2131 1709 2175 mitur.
1762 2129 1953 2171 Quando-

127 2303 259 2338 Boeth.

110 2362 141 2394 p.
154 2352 259 2385 1991ss

289 2199 453 2244 quidem
482 2209 626 2235 omnes
655 2202 795 2244 partes
830 2199 870 2235 in
904 2198 1145 2235 definitione
1179 2197 1346 2243 generis
1382 2196 1545 2242 positae
1583 2195 1861 2232 differentiam
1898 2194 1950 2231 ab
1972 2211 2008 2237 30

289 2263 493 2308 aliquibus
520 2263 685 2303 faciunt.
713 2263 836 2309 igitur
862 2263 952 2307 ipsa
978 2262 1076 2298 nihil
1104 2261 1288 2298 continet
1313 2260 1596 2305 superfluum.
1648 2259 1709 2295 Ab
1738 2257 1953 2304 oppositis.

286 2328 344 2364 Ac
377 2328 483 2364 sicut
516 2328 608 2373 ipsa
642 2338 724 2364 non
761 2330 822 2364 est
863 2327 1084 2373 superflua.
1123 2327 1179 2362 ita
1212 2335 1289 2362 nec
1317 2325 1528 2365 diminuta,
1566 2326 1609 2360 ut
1636 2323 1770 2360 minus
1798 2323 1955 2359 scilicet

291 2393 524 2429 contineret
552 2402 674 2438 quam
703 2393 928 2429 definitum.

435 2546 453 2575 9
482 2543 632 2575 exuldat
658 2543 686 2575 A
814 2544 852 2575 lb·
881 2541 930 2580 etl
957 2543 992 2574 in
1018 2541 1047 2574 A
1184 2542 1223 2573 17
1252 2538 1334 2580 nos]
1362 2544 1428 2572 nos
1456 2540 1484 2572 A
1606 2540 1646 2571 18
1673 2538 1798 2580 praed.
1826 2537 1955 2571 Boetia.

293 2604 474 2644 ponuntur
499 2602 528 2635 A
629 2603 671 2634 :50
699 2602 907 2634 differentia
933 2601 963 2634 A
1061 2602 1103 2633 33
1132 2600 1313 2634 obtineret
1339 2599 1380 2632 A.
