2200 3387
152 914 183 938 10

152 1241 183 1266 15

147 1565 182 1590 2⁴)

147 2218 182 2242 30

146 2546 181 2569 35

536 226 561 256 l.
592 225 656 257 Die
684 224 840 258 Glossen
869 236 911 258 zu
940 226 1173 267 Porphyrius.
1204 246 1244 248 W
1276 227 1326 259 De
1354 228 1554 261 accidente.
1832 228 1879 262 93

206 320 415 359 bilitatem.
439 322 649 362 unitatem.
672 323 980 368 capitationem,
1003 324 1078 359 sed
1100 324 1189 360 illas
1211 327 1379 362 tantum.
1402 335 1509 370 quae
1526 327 1695 362 omnino
1712 329 1879 371 praeter

205 386 509 431 corruptionem
540 390 620 423 tam
650 388 802 424 adesse
825 398 945 433 quam
969 389 1122 424 abesse
1144 393 1330 434 possunt.
1384 390 1500 426 Unde
1523 392 1749 427 secundum
1773 393 1878 427 lianc

205 452 491 496 acceptionem
514 453 742 489 accidentis
772 464 852 489 non
884 463 1060 490 necesse
1083 458 1146 490 est
1168 464 1331 490 omnem
1355 456 1527 491 formam
1552 458 1614 492 vel
1638 457 1876 502 specificam

205 526 302 553 esse
332 518 394 553 vel
424 518 632 554 accidens.

350 582 568 618 [Meidimr
599 586 754 619 (intem.
818 584 912 620 l'ost
952 584 1236 621 definitionem
1277 585 1506 621 accidentis
1547 587 1741 632 supponit
1780 588 1879 623 divi-

205 647 376 683 sionem.
429 648 505 688 Qui
543 652 681 685 tamen
716 649 754 684 in
793 649 1036 685 tractatibus
1076 650 1248 686 aliorum
1283 651 1475 696 superius
1514 652 1755 690 divisiones.
1797 662 1876 688 non

205 712 470 749 definitiones
499 714 728 758 praeponit.
782 714 897 750 Prius
931 715 1040 750 enim
1076 725 1227 751 nomen
1264 716 1432 761 generis
1470 717 1507 751 in
1546 717 1878 761 significationes

204 787 303 813 suas
332 778 481 816 divisit.
510 788 631 823 quam
662 779 792 824 ipsum
822 779 1024 818 definiret.
1053 783 1094 816 et
1127 781 1316 816 similiter
1343 781 1436 817 alia.
1490 781 1562 817 Hic
1599 792 1699 818 vero
1738 782 1878 818 defini-

204 840 356 877 tionem
380 843 608 878 accidentis
631 843 743 888 prius
764 844 902 888 posuit
924 853 1046 888 quam
1069 844 1329 881 divisionem.
1383 845 1500 886 Quod
1524 846 1616 881 ideo
1640 846 1704 882 liic
1725 847 1875 882 factum

204 907 391 946 arbitror.
426 908 534 952 quod
569 908 647 944 lioc
684 908 775 944 loco
812 909 1041 945 accidentis
1078 919 1229 946 nomen
1271 910 1502 955 aequivoce
1540 921 1620 947 non
1663 912 1796 948 sumit.
1837 914 1879 947 ut

203 971 361 1008 scilicet
415 973 707 1017 aequivocatio
765 974 1060 1018 impedimento
1119 974 1351 1011 definitioni
1400 985 1481 1011 non
1523 978 1649 1012 esset.
1725 975 1877 1012 Eadem

204 1046 382 1081 namque
411 1038 596 1073 definitio
624 1040 706 1074 tam
744 1039 981 1083 separabile
1010 1039 1207 1075 accidens
1235 1050 1358 1085 quam
1387 1041 1669 1085 inseparabile
1698 1041 1878 1078 includit.

204 1100 448 1145 separabile
476 1103 614 1137 autem
645 1103 710 1138 vel
738 1102 1019 1147 inseparabile
1056 1104 1286 1139 secundum
1325 1106 1462 1140 actum
1500 1105 1660 1149 accipit,
1698 1114 1779 1141 non
1817 1114 1879 1140 se-

203 1166 381 1202 cundum
411 1168 612 1202 naturam.
665 1167 716 1203 Ut
744 1168 852 1203 enim
882 1168 1126 1205 definitione
1154 1171 1342 1214 apparet,
1371 1170 1511 1205 omnia
1539 1172 1634 1206 sunt
1662 1170 1701 1205 in
1730 1172 1878 1206 natura

204 1232 466 1277 separabilia.
496 1233 677 1272 Quorum
692 1233 897 1277 quaedam
914 1233 1114 1278 contingit
1136 1236 1230 1270 actu
1253 1234 1442 1279 separari
1459 1237 1654 1271 manente
1677 1236 1878 1280 suscepti-

203 1297 283 1334 bili.
323 1299 365 1332 ut
404 1298 647 1335 sessionem.
692 1298 908 1338 somnium.
943 1308 1051 1343 quae
1080 1299 1174 1335 ideo
1214 1300 1466 1344 separabilia
1502 1301 1708 1343 dicuntur;
1754 1310 1878 1345 quae-

204 1362 297 1398 dam
335 1372 434 1398 vero
472 1363 638 1398 minime
677 1366 936 1408 separantur.
977 1366 1020 1399 ut
1057 1365 1230 1409 nigredo
1269 1365 1383 1400 corvi
1417 1365 1481 1400 vel
1513 1365 1740 1410 Aethiopis,
1769 1375 1877 1410 quae

205 1427 318 1472 ipsos
353 1437 574 1472 numquam
604 1428 771 1464 deserit.
823 1428 1017 1473 Namque
1044 1429 1244 1465 ‹lorum-e.
1298 1430 1448 1466 Probat
1480 1440 1505 1466 a
1533 1431 1730 1475 partibus,
1768 1431 1877 1475 quod

204 1493 410 1537 quaedam
433 1495 693 1538 separantur.
721 1494 926 1538 quaedam
956 1503 1048 1531 non.
1078 1494 1175 1539 quia
1203 1495 1292 1530 ista.
1334 1495 1466 1531 Potest
1487 1498 1644 1531 autem.
1687 1495 1793 1536 Quia
1820 1496 1878 1531 ni·

203 1567 319 1602 grum
349 1559 522 1593 vocatur
549 1558 838 1603 inseparabile.
876 1568 928 1594 ne
956 1559 1035 1594 hoc
1063 1561 1259 1603 quantum
1298 1560 1350 1595 ad
1388 1562 1578 1596 naturam
1615 1561 1879 1606 acciperetur

203 1625 244 1658 et
272 1622 351 1658 lam
380 1632 463 1659 non
491 1624 607 1659 esset
633 1623 843 1662 accidens.
883 1624 977 1659 ideo
1006 1624 1114 1663 dicit,
1142 1625 1252 1669 quod
1286 1625 1382 1661 licet
1409 1627 1504 1661 actu
1532 1635 1615 1661 non
1644 1628 1874 1671 separatur.

203 1690 341 1724 tamen
379 1688 417 1723 in
454 1690 602 1724 natura
640 1688 888 1733 separabile.
941 1688 988 1725 Et
1021 1690 1099 1725 hoc
1133 1692 1214 1725 est:
1253 1692 1388 1734 potest
1425 1691 1693 1735 subintelliyi
1723 1702 1877 1727 corvus

201 1753 337 1795 ulons,
364 1753 442 1789 hoc
468 1756 601 1795 <est>2
630 1753 934 1790 rationabiliter
960 1764 1183 1799 possumus
1211 1764 1304 1790 eum
1342 1756 1560 1792 attendere
1598 1756 1638 1792 in
1676 1758 1763 1792 tota
1800 1766 1877 1792 sua

202 1819 434 1854 substantia
462 1818 629 1854 omnino
666 1821 833 1864 praeter
869 1819 1139 1865 nigredinem.
1173 1820 1270 1864 quia
1297 1820 1491 1857 videlicet
1523 1821 1611 1866 ipse
1640 1821 1808 1857 omnino
1836 1822 1875 1857 in

146 1893 176 1917 ε’
203 1883 437 1918 substantia
472 1883 586 1918 corvi
620 1883 851 1919 subsistere
879 1885 1018 1928 potest
1053 1883 1121 1922 ita.
1159 1886 1201 1919 ut
1237 1884 1355 1929 niger
1388 1893 1470 1920 non
1505 1885 1569 1922 sit.
1597 1884 1799 1929 Aethiops
1835 1885 1874 1920 in

202 1947 456 1992 proprietate
473 1957 638 1992 quoque
655 1947 871 1993 Aethiopis
894 1948 960 1985 ita.
983 1949 1093 1993 quod
1115 1958 1198 1984 non
1220 1949 1272 1984 sit
1295 1949 1422 1994 niger.
1468 1949 1670 1994 Aethiops
1693 1959 1874 1995 namque

201 2021 225 2047 a
252 2012 398 2058 patria.
427 2021 508 2047 non
537 2021 562 2047 a
589 2011 805 2057 nigredine
833 2011 966 2047 dictus
988 2012 1061 2047 est.
1115 2012 1189 2048 Vel
1212 2012 1337 2048 etiam
1366 2013 1401 2048 si
1430 2013 1687 2058 nigredinem
1711 2015 1876 2049 notaret

202 2086 353 2113 nomen
382 2076 607 2122 Aethiopis.
636 2086 718 2113 non
747 2077 883 2113 minus
910 2079 1050 2113 tamen
1086 2078 1319 2113 substantia
1352 2078 1442 2114 sine
1479 2078 1696 2124 nigredine
1731 2081 1875 2123 posset

201 2151 298 2178 esse
326 2144 495 2187 praeter
521 2142 841 2187 corruptionem.
894 2142 994 2178 Nam
1033 2144 1074 2179 et
1111 2152 1264 2188 corpus
1301 2143 1438 2179 album
1477 2143 1645 2179 omnino
1683 2144 1874 2180 amittere

203 2207 435 2243 albedinem
465 2209 614 2252 potest.
651 2210 694 2243 ut
726 2208 835 2243 nullo
865 2207 987 2243 modo
1021 2208 1190 2243 omnino
1227 2208 1268 2244 in
1306 2208 1541 2244 substantia
1575 2211 1873 2254 corrumpatur.

203 2273 419 2308 Defrutum
447 2275 602 2308 autem.
655 2272 767 2308 Haec
795 2272 980 2308 definitio
1009 2273 1158 2309 eadem
1186 2273 1350 2318 penitus
1379 2276 1441 2309 est
1468 2283 1558 2309 cum
1597 2274 1801 2319 superiori
1835 2274 1874 2310 in

202 2347 341 2373 sensu.
392 2337 491 2373 Tale
519 2338 628 2373 enim
657 2339 731 2377 est.
760 2338 879 2382 quasi
906 2338 1080 2374 diceret:
1116 2337 1215 2374 Illud
1250 2341 1314 2374 est
1347 2339 1556 2379 accidens,
1591 2339 1701 2384 quod
1738 2341 1875 2384 potest

202 2411 299 2437 esse
327 2403 368 2437 et
395 2410 477 2437 non
506 2410 598 2437 esse
627 2401 666 2437 in
705 2402 864 2438 eodem.
899 2401 989 2446 ipso
1018 2401 1175 2437 scilicet
1211 2404 1484 2446 permanente
1521 2403 1669 2438 eodem
1706 2403 1746 2438 in
1783 2403 1876 2438 sub-

202 2466 367 2502 stantia.
429 2466 492 2501 Vel
521 2467 637 2511 quod
665 2476 798 2511 neque
823 2476 966 2510 aeteus.
1019 2466 1241 2511 Postquam
1265 2466 1454 2503 definivit
1475 2467 1672 2503 accidens
1700 2467 1740 2503 in
1769 2468 1876 2503 desi-

202 2531 398 2576 gnatione
422 2540 597 2568 rerum.
619 2531 767 2567 definit
787 2531 919 2575 ipsum
945 2531 983 2566 in
1001 2531 1292 2576 designatione
1309 2541 1499 2572 vocum,
1523 2542 1665 2568 earum
1681 2532 1875 2568 videlicet

202 2598 358 2632 tantum
387 2606 496 2640 quae
525 2596 738 2632 subiectae
761 2599 856 2631 sunt
881 2596 932 2631 ab
961 2596 1289 2632 accidentalibus
1315 2597 1459 2632 formis
1483 2599 1524 2633 et
1551 2606 1632 2632 non
1661 2599 1757 2632 sunt
1785 2606 1875 2641 pro-

202 2661 302 2706 pria.
355 2660 402 2696 Et
429 2661 507 2697 hoc
535 2664 615 2697 est:
643 2662 709 2697 vel
744 2661 869 2696 etiam
907 2661 965 2696 sic
999 2661 1201 2697 definiunt
1235 2661 1312 2697 hoc
1342 2671 1492 2698 nomen
1521 2661 1729 2699 accidens.
1764 2662 1872 2706 quod

201 2726 341 2762 dicunt
381 2726 487 2761 illam
528 2735 674 2761 vocem
713 2736 809 2761 esse
850 2725 1057 2763 accidens,
1098 2726 1206 2771 quod
1249 2736 1384 2770 neque
1425 2729 1489 2762 est
1531 2736 1663 2771 genus
1716 2726 1874 2762 scilicet

202 2799 336 2834 neque
377 2789 613 2825 differentia
642 2799 776 2833 neque
806 2790 1026 2834 proprium.
1079 2789 1196 2829 Quod
1225 2790 1321 2834 quia
1351 2790 1505 2825 liabent
1533 2789 1745 2825 individua
1781 2791 1874 2825 sub-

207 2854 388 2890 stantiae
419 2857 460 2890 et
497 2854 622 2889 multa
650 2854 742 2892 alia.
780 2856 821 2889 ut
852 2854 1076 2889 non-homo
1105 2856 1145 2889 et
1181 2863 1414 2899 non-equus
1448 2856 1489 2889 et
1525 2864 1602 2891 res,
1637 2864 1724 2891 ens,
1761 2854 1873 2890 addit

203 2918 252 2957 ,in
281 2918 492 2956 subiecto.
522 2918 559 2954 id
589 2921 653 2954 est
679 2919 931 2954 adiacenter.

346 3037 364 3064 8
393 3034 526 3066 dimisit
553 3035 578 3066 A
685 3036 719 3066 ll
754 3034 1013 3074 impedimento
1038 3034 1112 3073 A-gl„
1140 3035 1173 3066 in
1204 3035 1501 3074 praedicamento
1523 3035 1549 3066 A
1605 3044 1675 3067 non
1704 3038 1804 3067 esset
1829 3035 1874 3072 ·4·.›

205 3103 276 3126 om.
306 3094 331 3125 A
438 3095 477 3125 19
507 3093 631 3125 Potest
660 3094 785 3125 Boelh.
817 3093 949 3125 Probat
976 3094 1000 3125 A
1105 3095 1147 3125 20
1176 3091 1236 3132 nel
1265 3102 1330 3125 nec
1359 3094 1384 3125 A
1499 3093 1540 3125 24
1570 3093 1731 3134 praeter]
1753 3093 1820 3134 poi
1842 3094 1868 3125 A

203 3155 242 3185 31
268 3153 448 3185 Definitur
469 3153 595 3185 Boeth.
620 3152 806 3194 ὁρίζονται
831 3153 967 3193 Porph.
990 3153 1032 3184 ef.
1056 3151 1241 3187 Brandt.
1266 3162 1297 3192 p.
1315 3154 1381 3184 2⁵0
1399 3162 1430 3184 n.
1448 3154 1491 3184 20
1574 3153 1614 3184 34
1644 3153 1813 3185 diffinivit
1831 3153 1873 3191 A,
