2200 3387
507 226 537 257 2.
568 224 631 256 llic
659 224 814 255 Glosseu
844 233 886 255 zu
915 223 984 254 den
1015 222 1249 261 Kategorien.
1279 240 1313 243 —
1351 222 1402 254 lle
1431 223 1647 262 ‹piantitate
1856 220 1922 253 169

245 315 338 350 liter
365 315 516 355 oratio:
552 325 603 351 ex
634 317 785 360 puncto
814 313 934 350 linea.
969 312 1227 358 superficies.
1256 322 1425 357 corpus;
1463 323 1515 348 ex
1554 313 1720 348 instanti
1759 316 1921 357 tempus

244 380 534 424 compositum:
564 390 615 415 ex
646 380 736 415 loco
765 378 941 423 simplici
971 378 1084 413 locus
1113 378 1381 422 compositus.

387 450 454 486 Sic
482 451 623 495 iunge:
652 449 985 486 Substantiarum
1013 449 1121 484 aliae
1149 450 1243 484 sunt
1271 449 1440 493 primae.
1467 449 1573 484 aliae
1596 449 1818 486 secundae.
1847 449 1920 484 sed

245 516 485 560 quantitatis
519 515 628 551 aliud
666 517 742 550 etc.
797 514 868 549 Vel
908 514 981 549 ita:
1022 513 1289 549 Substantiae
1330 513 1434 548 illius
1472 515 1644 548 naturae
1681 516 1775 548 sunt
1815 524 1921 557 quae

245 580 437 625 superius
454 581 625 615 ostensa
637 581 710 616 est.
736 579 810 614 sed
827 579 1082 623 quantitates
1099 579 1218 614 liuius
1235 578 1344 623 quod
1368 578 1475 614 aliae
1492 580 1587 613 sunt
1609 578 1832 613 continuae
1846 580 1922 613 ete.

193 913 223 937 10

192 1239 223 1263 15

189 1569 223 1594 ‘20

189 1894 224 1920 25

190 2220 224 2246 30

191 2551 225 2575 :³5

244 645 377 680 ,ΙΙὶιιιΙ
402 644 693 689 quantitatis-¹,
720 644 758 680 id
787 646 852 679 est
879 643 961 679 alia
989 643 1199 688 quantitas
1220 645 1296 679 etc.
1350 643 1397 678 El
1421 643 1548 678 ‹tle'ml
1577 643 1763 688 quidem.
1809 643 1922 678 Hanc

244 709 490 746 divisionem
520 709 747 745 secundam
777 709 1018 744 dil'l'eremus
1046 709 1098 744 ad
1128 718 1333 753 praesens
1362 710 1403 743 et
1437 708 1617 752 priorem
1654 709 1810 743 tantum
1854 718 1923 743 ex-

244 784 480 819 sequamur.
532 774 800 814 Quaeritur
839 776 990 813 autem,
1025 783 1114 809 cum
1145 774 1224 809 hae
1252 773 1360 809 duae
1400 773 1629 809 divisiones
1668 773 1922 817 compositas

245 842 398 876 tantum
429 839 683 884 quantitates
711 839 933 880 includant,
963 840 1096 874 utrum
1132 848 1290 874 omnes.
1342 837 1389 874 Et
1417 837 1580 873 videtur
1613 847 1695 873 non
1731 847 1826 873 esse
1856 848 1924 874 ve—

244 914 344 940 rum.
396 904 651 949 Bipunctalis
680 904 788 940 enim
818 904 928 939 linea
955 904 1020 939 vel
1049 904 1163 939 locus
1192 903 1282 939 eius
1311 904 1376 939 vel
1404 904 1567 948 tempus
1604 912 1658 939 ex
1686 903 1853 939 instanti
1883 906 1924 939 et

243 969 470 1014 praeterito
492 969 765 1014 compositum
789 978 925 1014 neque
948 969 1171 1005 continuae
1193 969 1449 1013 quantitates
1472 968 1551 1004 dici
1574 968 1766 1004 videntur
1786 978 1922 1013 neque

244 1034 461 1070 discretae.
513 1034 719 1070 Continua
747 1034 854 1089 enim
891 1036 1024 1073 vocat.
1063 1043 1170 1079 quae
1204 1034 1360 1069 habent
1396 1035 1536 1078 partes
1573 1033 1623 1069 ad
1661 1043 1922 1069 communem

243 1100 460 1135 terminum
491 1099 718 1145 copulatas.
771 1099 848 1135 Ubi
886 1108 987 1135 vero
1021 1099 1186 1135 tertium
1223 1108 1307 1135 non
1342 1100 1417 1137 est,
1455 1098 1684 1134 communis
1722 1098 1922 1134 terminus

244 1174 326 1200 non
347 1164 567 1200 invenitur.
619 1164 700 1200 Sed
723 1173 859 1209 neque
882 1164 1090 1200 discretae
1118 1165 1213 1200 sunt
1235 1164 1490 1209 quantitates
1518 1163 1557 1199 in
1587 1163 1785 1208 partibus.
1807 1163 1923 1199 cuius

246 1230 356 1265 nulla
382 1231 447 1266 est
473 1230 680 1266 distantia.
732 1229 852 1266 Unde
875 1239 952 1266 nec
974 1239 1121 1265 omnes
1141 1229 1396 1274 compositas
1425 1229 1739 1265 Aristoteles
1762 1229 1925 1264 videtur

245 1294 467 1335 includere.
495 1295 592 1340 quia
619 1295 708 1331 illas
736 1296 894 1331 tantum
923 1295 975 1331 de
1003 1295 1210 1331 continuis
1238 1295 1365 1340 ponit,
1395 1303 1502 1339 quae
1526 1294 1710 1339 pluribus
1737 1294 1923 1338 partibus

244 1369 366 1404 quam
395 1360 526 1396 tribus
554 1360 803 1396 coniunctae
831 1362 938 1401 sunt,
966 1370 1040 1405 pro
1063 1369 1114 1396 eo
1136 1360 1316 1395 fortasse
1339 1359 1449 1404 quod
1471 1360 1513 1395 et
1533 1359 1638 1395 istae
1662 1359 1796 1395 minus
1818 1359 1925 1395 sicut

244 1424 453 1470 simplices
480 1425 775 1471 excogitantur
802 1427 842 1461 et
872 1426 1191 1471 cognoscantur,
1220 1434 1328 1470 quae
1357 1424 1436 1460 etsi
1463 1426 1657 1469 respectu
1677 1423 1922 1469 simplicium

235 1489 502 1535 'compositae
530 1490 721 1526 dicantur
747 1490 899 1526 ceteris
927 1491 1066 1526 tamen
1095 1489 1339 1534 compositis
1368 1491 1637 1534 comparatae
1675 1489 1795 1534 quasi
1831 1489 1925 1525 sim-

244 1555 374 1600 plices
400 1555 645 1592 iudicantur.
698 1555 765 1592 Sic
794 1555 1105 1591 Aristoteles
1134 1557 1174 1591 et
1195 1554 1440 1591 Boethius
1467 1554 1509 1590 in
1531 1554 1924 1599 Hypotheticis2',

243 1629 337 1656 cum
358 1629 504 1656 omnes
527 1620 820 1666 hypotheticas
842 1620 1153 1666 propositiones
1176 1620 1433 1665 compositas
1455 1622 1579 1656 vocet
1600 1621 1794 1665 respectu
1816 1622 1925 1656 cate-

243 1685 490 1730 goricarum,
518 1685 626 1722 inter
652 1695 698 1722 se
726 1688 866 1722 tamen
895 1695 1039 1722 earum
1067 1685 1270 1730 quasdam
1292 1684 1513 1730 simplices,
1537 1685 1738 1729 quasdam
1760 1694 1925 1729 compo—

244 1750 347 1786 sitas
374 1752 508 1786 vocat.
559 1751 756 1787 Fortasse
795 1752 932 1787 autem
968 1751 1078 1796 quod
1114 1751 1172 1786 ait
1209 1750 1447 1786 continuam
1485 1750 1770 1795 quantitatem,
1807 1750 1924 1786 cuius

244 1817 384 1861 partes
411 1816 463 1852 ad
485 1826 747 1852 communem
770 1816 989 1852 terminum
1012 1816 1267 1861 copulamus,
1296 1815 1534 1860 exemplum
1556 1815 1672 1860 ponit
1701 1815 1923 1851 continuae

245 1881 488 1926 quantitatis
516 1882 555 1917 in
585 1884 714 1927 parte,
743 1891 826 1917 non
855 1881 1189 1927 descriptionem.
1244 1881 1360 1917 Unde
1388 1890 1471 1916 non
1504 1889 1683 1917 necesse
1711 1882 1773 1916 est
1800 1890 1923 1916 omne

244 1947 483 1983 continuum
524 1956 785 1983 communem
822 1947 1041 1983 terminum
1080 1947 1248 1987 habere,
1289 1946 1385 1991 quia
1422 1946 1561 1982 omnia
1596 1947 1692 1981 sunt
1727 1945 1924 1982 continua

244 2021 418 2057 quorum
437 2014 580 2058 partes
602 2012 658 2048 ita
679 2012 758 2048 sibi
773 2013 1015 2053 adhaerent,
1041 2013 1083 2048 ut
1105 2012 1215 2048 nulla
1237 2011 1290 2048 sit
1311 2011 1418 2047 inter
1439 2021 1512 2047 eas
1536 2011 1743 2050 distantia,
1773 2011 1924 2047 discre—

244 2079 328 2113 tum
356 2087 458 2114 vero
486 2087 539 2114 ex
567 2078 776 2114 contrario
805 2078 963 2114 dicitur.
1016 2078 1084 2113 Es!
1119 2079 1261 2113 antem
1293 2077 1485 2113 disc-reta.
1536 2076 1827 2121 Exempliiicat
1848 2075 1925 2121 pri-

245 2152 355 2179 mum
391 2144 442 2180 de
480 2135 669 2180 discretis
706 2143 1019 2188 quantitatibus,
1060 2153 1169 2188 quae
1211 2143 1318 2179 duae
1359 2144 1465 2183 sunt,
1505 2151 1702 2178 numerus
1743 2151 1843 2177 vero
1884 2144 1925 2178 et

245 2209 389 2249 oratio,
426 2209 649 2245 continuae
677 2218 778 2245 vero
806 2208 1000 2254 quinque,
1035 2218 1138 2254 quas
1167 2210 1315 2254 postea
1352 2209 1489 2253 ponet.
1540 2207 1658 2243 Prius
1694 2208 1833 2243 autem
1873 2207 1923 2243 de

245 2274 446 2315 discretis,
474 2274 572 2319 quia
599 2274 821 2319 pauciores
849 2276 956 2315 sunt,
995 2284 1041 2310 se
1069 2273 1242 2319 expedit
1268 2284 1317 2310 ac
1345 2273 1460 2319 prius
1489 2273 1539 2309 de
1568 2282 1772 2309 numero
1801 2282 1923 2317 quem

246 2339 371 2385 ponit.
405 2339 674 2376 disseramus.

387 2411 591 2447 Numerus
619 2413 759 2448 autem
793 2413 857 2447 est
896 2411 1087 2447 collectio
1125 2411 1327 2446 unitatum
1342 2413 1367 2446 ³.
1418 2410 1560 2446 Plures
1597 2409 1705 2446 enim
1744 2409 1924 2445 unitates

245 2477 415 2521 quilibet
448 2486 646 2513 numerus
681 2477 882 2513 dicuntur.
935 2476 1052 2512 Duae
1088 2476 1197 2512 enim
1230 2476 1410 2512 unitates
1442 2475 1495 2511 nil
1529 2475 1639 2511 aliud
1673 2476 1767 2510 sunt
1801 2485 1924 2519 quam

246 2542 443 2580 binarius.
489 2544 574 2579 tres
615 2542 670 2578 nil
708 2542 818 2578 aliud
860 2552 983 2588 quain
1023 2542 1242 2578 ternarius.
1314 2541 1360 2577 Et
1397 2541 1561 2577 videtur
1600 2550 1809 2578 numerus,
1846 2540 1924 2576 hoc

246 2617 410 2646 nomen.
447 2608 604 2652 plurale
632 2617 727 2643 esse
756 2607 794 2643 in
830 2607 1137 2653 significatione
1166 2607 1409 2643 tantundem
1438 2607 1585 2643 valens
1613 2608 1809 2651 quantum
1841 2605 1924 2641 uni-

246 2674 366 2709 tates.
395 2672 489 2708 licet
519 2672 559 2708 in
589 2673 763 2708 materia
784 2672 900 2708 vocis
932 2673 1154 2717 singularis
1186 2672 1345 2708 numeri
1373 2659 1601 2717 copulatur.
1635 2680 1726 2706 cum
1759 2670 1922 2706 dicitur:

248 2746 442 2773 numerus
479 2739 553 2773 est.
606 2736 687 2773 Sed
725 2737 760 2773 si
794 2747 991 2773 numerus
1031 2738 1201 2782 pluralis
1241 2737 1281 2773 in
1322 2737 1640 2781 significatione.
1681 2735 1921 2771 tantundem

247 2802 406 2839 scilicet
432 2803 578 2838 valens
602 2804 809 2847 ‘quantum
845 2802 1038 2839 unitates.
1075 2803 1156 2838 iam
1194 2802 1300 2838 idem
1341 2811 1491 2838 nomen
1530 2801 1637 2846 quod
1676 2802 1738 2836 est
1774 2800 1922 2836 unitas.

394 2948 433 2979 12
455 2947 671 2979 Continuam
689 2946 715 2977 Α
822 2948 862 2978 1⁸
883 2949 1091 2986 respectum
1109 2946 1135 2978 Α
1240 2948 1280 2978 lu
1302 2954 1526 2986 componere.
1544 2947 1570 2976 ,1
1625 2946 1668 2977 20
1691 2942 1875 2984 ,λι-1814311
1892 2944 1919 2976 A

391 3030 400 3052 ¹
431 3030 581 3063 Boetli.
611 3030 631 3062 I.
661 3040 700 3065 r..
729 3039 762 3070 p.
791 3030 911 3062 20113.

390 3090 404 3111 ”-’
435 3090 585 3123 Boetli.
622 3090 761 3130 synay.
785 3089 950 3131 hypoth„
973 3089 1007 3121 L.
1026 3090 1047 3125 l.
1071 3089 1125 3122 ΡΙ,
1140 3090 1194 3124 61,
1218 3090 1285 3122 ⁸:35
1302 3089 1330 3121 A
1427 3088 1441 3108 ³
1468 3088 1632 3125 Abael„
1661 3087 1771 3122 De‘al..
1793 3096 1824 3128 p.
1846 3088 1921 3120 1⁸8.
