2200 3387
206 316 339 351 Boeth.

175 375 208 407 p.
223 364 292 397 2⁸4
307 364 337 397 B

197 2191 332 2225 Boeth.

168 2248 200 2281 p.
217 2238 288 2272 2³³5
303 2238 330 2272 A

364 234 433 269 288
772 234 879 268 Peter
905 234 1109 267 Abaelards
1137 234 1272 275 Logica
1298 233 1624 275 ,Ingredientibus‘.

508 326 697 362 Secundo
725 328 879 361 autem.
931 325 973 360 In
1013 324 1143 370 primo
1183 325 1317 365 modo,
1354 324 1393 360 id
1433 326 1497 360 est
1535 324 1575 360 in
1614 324 1746 370 prima
1783 325 2028 371 acceptione

366 391 528 431 Prioris.
556 391 756 436 accipitur
782 390 893 435 prius
925 389 1153 426 secundum
1185 391 1357 434 tempus,
1391 390 1465 425 sed
1503 390 1687 426 secundo
1724 389 1846 426 modo
1883 390 2030 426 dicitur

365 456 537 491 alterum
565 455 677 500 prius
704 454 846 492 altero.
875 454 990 495 quod
1016 463 1100 489 ηοη
1129 453 1389 489 convertitur
1414 453 1466 489 ad
1487 453 1619 498 ipsum
1639 454 1870 490 seeundum
1891 463 2029 490 conse-

364 521 582 561 (mentium
611 519 878 559 subsistendi,
915 519 994 554 hoc
1031 521 1094 554 est
1127 518 1355 554 secundum
1395 518 1679 554 necessariam
1718 518 2028 555 comitationem

363 585 481 621 simul
517 585 801 630 permanendi,
838 586 881 619 ut
917 593 1008 619 cum
1045 593 1168 619 unum
1209 583 1448 619 necessario
1489 583 1707 619 comitetur
1745 583 1837 625 duo,
1877 583 2065 629 quippe5

364 651 444 686 duo
473 651 583 686 nullo
612 650 733 685 modo
761 651 937 694 possunt
964 648 1158 686 existere.
1193 648 1269 684 nisi
1303 657 1426 683 unum
1455 647 1518 689 sit,
1552 648 1632 684 duo
1660 657 1760 684 vero
1787 648 2029 684 necessario

363 725 445 751 non
474 715 722 751 comitantur
748 724 884 755 unum,
912 713 1009 759 quia
1036 715 1179 758 posset
1207 722 1330 748 unum
1358 717 1502 754 <esse>
1530 713 1597 754 ita,
1626 713 1721 757 quin
1758 713 1838 749 duo
1875 714 2028 750 essent.

364 780 404 816 Si
432 782 569 817 tamen
599 789 722 815 unum
750 779 1001 824 accipiamus
1030 780 1234 824 sumptum
1263 779 1314 814 ab
1342 778 1498 814 unitate
1527 780 1567 814 et
1594 778 1674 814 duo
1709 787 1913 823 ponamus
1946 787 2029 814 non

363 844 590 880 secundum
619 853 845 880 numerum.
874 843 947 878 sed
975 843 1201 878 secundum
1224 842 1528 883 discretionem,
1555 842 1719 878 videtur
1738 841 1898 884 falsum,
1920 842 2030 887 quod

363 919 487 944 unum
521 909 652 953 possit
685 918 792 946 esse,
831 907 928 952 quin
963 908 1044 943 sint
1080 907 1171 943 duo.
1225 906 1384 952 Quippe
1418 917 1554 947 unum,
1590 907 1630 943 id
1667 909 1730 943 est
1765 906 2028 943 informatum
2050 915 2083 941 10

364 974 529 1011 unitate.
558 982 653 1009 esse
681 983 764 1009 non
792 974 940 1017 potest,
974 972 1054 1008 nisi
1082 972 1171 1017 ipsa
1199 972 1249 1008 sit
1277 972 1412 1008 unitas
1442 974 1482 1008 et
1509 974 1715 1017 sumptum
1748 972 1878 1017 ipsius
1906 973 1947 1008 et
1972 971 2029 1008 ita

363 1039 479 1075 duo1.
519 1039 570 1074 At
592 1047 703 1078 vero,
732 1038 765 1073 si
793 1037 1045 1082 accipiamus
1071 1047 1195 1073 unum
1225 1039 1265 1073 et
1292 1037 1372 1073 duo
1400 1038 1466 1073 vel
1493 1039 1667 1082 utraque
1695 1037 1923 1073 secundum
1950 1036 2029 1073 dis-

363 1104 590 1140 cretionem
612 1103 677 1139 vel
699 1104 872 1147 utraque
895 1104 1069 1147 sumpta,
1088 1102 1209 1138 illud
1231 1102 1394 1147 quidem
1416 1103 1468 1138 ab
1489 1102 1659 1141 unitate.
1686 1103 1777 1138 hoc
1802 1112 1827 1138 a
1855 1102 2027 1143 binario,

363 1179 505 1205 verum
534 1171 599 1204 cst
625 1168 734 1213 quod
761 1167 1070 1203 Aristoteles
1098 1167 1205 1203 dicit.
1257 1167 1431 1202 Duobus
1451 1167 1577 1203 enim.
1629 1166 1942 1203 Commendatio
1964 1168 2029 1203 est

363 1234 553 1279 exempli,
582 1234 646 1269 vel
675 1242 699 1269 a
721 1232 1001 1277 descriptione
1023 1231 1194 1268 secundi
1215 1232 1325 1267 modi
1344 1232 1506 1267 Prioris.
1558 1231 1749 1268 Ostendit
1768 1241 1894 1268 unum
1915 1231 2026 1277 prius
2050 1245 2082 1270 15

364 1309 457 1336 esse
485 1299 645 1335 duobus
680 1298 908 1334 secundum
944 1297 1109 1333 modum
1146 1297 1386 1337 secundum,
1423 1297 1519 1342 quia
1554 1297 1711 1332 scilicet
1737 1300 1853 1337 <cum
1879 1299 2028 1338 unum>

363 1366 642 1409 consequatur
667 1363 907 1399 necessario
935 1363 1027 1403 duo,
1054 1371 1137 1398 non
1163 1362 1210 1397 fit
1236 1362 1458 1398 conversio
1480 1363 1646 1398 mutuae
1675 1361 1954 1398 comitationis
1975 1361 2026 1398 de

365 1430 524 1466 duobus
551 1429 602 1465 ad
630 1438 765 1464 unum.
817 1427 936 1467 Quod
963 1427 1036 1463 ait:
1077 1437 1185 1469 ‚mox
1224 1436 1488 1472 consequens
1528 1427 1593 1463 est
1629 1436 1725 1463 esse
1761 1430 1910 1468 unum‘‚
1944 1427 2028 1463 tale

365 1496 445 1530 est:
482 1493 723 1530 necessario
758 1492 1024 1529 existentiam
1057 1492 1230 1528 duorum
1266 1491 1484 1527 comitatur
1522 1490 1746 1527 existentia
1784 1491 1916 1533 unius,
1952 1491 2028 1528 sed

363 1569 446 1595 non
483 1559 746 1595 convertitur.
799 1557 917 1598 Quod
950 1557 1045 1593 dicit
1083 1557 1158 1593 sic:
1204 1557 1292 1592 Uno
1331 1558 1485 1592 autem.
1537 1555 1709 1599 Idcirco,
1742 1556 1838 1601 quia
1871 1555 2029 1593 scilicet
2047 1568 2082 1594 20

362 1634 487 1660 unum
514 1623 781 1668 consequitur
807 1624 964 1658 tantum
993 1622 1044 1658 ad
1073 1622 1164 1663 duo,
1201 1631 1300 1667 ergo
1327 1631 1415 1657 non
1443 1621 1703 1657 convertitur
1727 1621 2027 1662 consequentia

363 1690 415 1725 ab
445 1699 543 1732 uno,
569 1690 615 1724 ut
641 1688 695 1724 sit
721 1688 950 1730 reliquum,
975 1688 1054 1723 hoc
1083 1688 1146 1723 est
1172 1696 1255 1722 non
1281 1686 1327 1722 fit
1354 1688 1496 1722 mutua
1527 1686 1749 1728 comitatio,
1786 1687 1829 1722 ut
1855 1686 1908 1722 sit
1937 1685 2028 1722 reli-

364 1762 498 1798 quum,
525 1753 564 1788 id
594 1754 657 1788 est
685 1752 776 1787 duo.
827 1751 952 1787 Prius
984 1756 1137 1787 autem.
1189 1749 1469 1786 Continuatio:
1506 1749 1580 1796 Egi
1616 1750 1667 1786 de
1704 1750 1865 1786 duobus
1902 1751 1943 1786 et
1975 1749 2028 1786 de

364 1826 445 1853 uno
474 1815 732 1852 ostendendo
767 1815 994 1851 secundum
1028 1815 1194 1850 modum
1220 1814 1370 1850 Prioris
1409 1815 1450 1850 et
1485 1823 1569 1850 non
1606 1813 1890 1855 determinavi,
1917 1813 2028 1859 quod

360 1882 520 1918 illorum
547 1881 660 1926 prius
688 1881 905 1916 diceretur.
957 1879 1039 1916 Sed
1059 1880 1171 1916 illud
1190 1881 1303 1916 recte
1324 1879 1492 1915 videtur
1517 1888 1601 1915 esse
1627 1879 1752 1924 prius,
1779 1889 1806 1915 a
1833 1888 1918 1924 quo
1937 1888 2027 1915 non
2046 1891 2080 1917 25

361 1947 621 1983 convertitur
645 1946 945 1991 consequentia
971 1945 1013 1981 in
1033 1954 1083 1981 eo
1104 1945 1213 1990 quod
1235 1946 1299 1981 est
1320 1954 1426 1986 esse,
1457 1945 1536 1980 hoc
1558 1946 1622 1980 est
1642 1954 1726 1980 non
1745 1944 2028 1989 reciprocatur

362 2012 604 2048 necessaria
625 2010 835 2047 comitatio
864 2012 905 2046 et
924 2019 976 2046 ne
999 2009 1343 2054 consequentiam
1364 2009 1618 2054 accipiamus
1640 2009 1868 2045 secundum
1890 2008 2028 2045 condi-

362 2077 536 2117 cionem.
574 2076 648 2112 sed
675 2075 807 2121 magis
844 2075 1073 2111 secundum
1109 2074 1419 2110 comitationem
1456 2074 1674 2114 existendi,
1714 2073 1843 2109 addit:
1884 2072 1935 2115 ,in
1975 2082 2025 2109 eo

362 2141 471 2186 quod
502 2142 566 2176 est
593 2144 712 2180 esse‘‚
740 2140 818 2175 hoc
846 2140 908 2175 est
933 2138 991 2174 ita
1017 2139 1127 2183 quod
1154 2138 1273 2174 simul
1301 2137 1541 2174 necessario
1569 2137 1730 2173 existat.

508 2205 642 2241 Tertio
669 2214 777 2240 vero.
830 2203 948 2244 Quod
985 2203 1149 2239 tertium
1175 2204 1299 2239 vocat
1334 2203 1443 2238 hunc
1478 2202 1654 2243 modum,
1692 2201 1782 2238 sive
1817 2202 1928 2238 illum
1964 2211 2081 2239 se-ao

363 2269 539 2305 cundum
554 2269 620 2304 vel
643 2270 806 2304 ceteros
828 2268 918 2304 aliis
940 2267 1175 2303 nominibus
1203 2267 1255 2303 ad
1279 2267 1467 2303 ordinem
1481 2266 1783 2311 pertinentibus
1805 2265 2027 2312 distinguit,

363 2334 554 2370 existimo
594 2333 684 2370 fieri
724 2333 951 2369 secundum
990 2332 1177 2368 ordinem
1211 2332 1414 2368 tractandi
1449 2333 1520 2368 aut
1553 2331 1734 2368 fortasse
1767 2340 1932 2376 quoque
1965 2340 2028 2367 se-

363 2399 539 2435 cundum
567 2399 754 2434 ordinem
788 2397 1064 2443 impositionis
1092 2397 1208 2433 vocis
1241 2397 1281 2432 in
1309 2396 1487 2433 diversis
1523 2396 1843 2441 acceptionibus.
1894 2395 2028 2431 Distat

363 2465 501 2500 autem
529 2464 594 2499 hic
621 2463 765 2499 tertius
794 2463 940 2498 modus
968 2472 993 2498 a
1019 2462 1163 2507 primo,
1191 2462 1300 2507 quod
1334 2461 1387 2498 ibi
1421 2461 1535 2497 Prius
1570 2460 1769 2506 accipitur
1801 2460 2027 2497 secundum

363 2532 571 2573 tempus,
599 2528 663 2564 hic
691 2528 917 2563 secundum
944 2527 1245 2572 positionem
1271 2527 1438 2562 ordinis.
1490 2525 1566 2566 Qui
1587 2526 1752 2570 quidem
1773 2525 1873 2562 ordo
1895 2524 2027 2570 accipi
2046 2537 2082 2563 35

362 2596 500 2639 potest
526 2596 609 2629 tam
636 2593 676 2628 in
704 2593 828 2628 rebus
856 2592 975 2627 simul
997 2592 1268 2627 existentibus
1291 2601 1413 2636 quam
1434 2591 1474 2627 in
1496 2601 1579 2627 non
1601 2591 1720 2627 simul
1740 2590 2026 2627 existentibus.

362 2659 463 2694 Nam
490 2659 579 2703 ipse
608 2667 771 2703 quoque
799 2657 1107 2693 Aristoteles
1134 2657 1174 2692 in
1203 2656 1522 2697 Quantitate2
1557 2658 1698 2701 partes
1735 2655 1933 2700 temporis
1959 2654 2026 2691 vel

363 2722 563 2758 orationis
590 2722 655 2757 vel
683 2721 843 2757 numeri
880 2720 1042 2766 priores
1079 2720 1255 2756 invicem
1293 2721 1333 2756 et
1368 2719 1624 2765 posteriores
1658 2719 1761 2755 dixit
1798 2718 2026 2755 secundum

363 2787 561 2823 ordinem.
613 2786 713 2822 Cum
749 2786 887 2831 itaque
924 2785 1057 2831 ipsum
1093 2787 1255 2830 tempus
1291 2785 1404 2830 prius
1440 2785 1520 2821 alio
1556 2786 1744 2830 tempore
1780 2784 1940 2820 dicatur
1964 2792 2027 2819 se-

505 2922 523 2953 4
552 2921 871 2953 commutationem
891 2920 921 2952 A
1009 2921 1027 2952 7
1049 2921 1176 2960 posset
1197 2928 1306 2951 unum
1329 2919 1378 2951 ita
1400 2918 1496 2958 quod
1511 2919 1581 2950 duo
1601 2919 1727 2950 essent
1754 2917 1784 2948 A
1871 2917 1890 2949 9
1914 2914 2025 2957 quod]

364 2980 450 3019 quia
470 2979 499 3010 A
600 2979 641 3011 16
669 2988 697 3011 s.
725 2979 841 3011 modis
869 2978 1068 3011 secundum
1088 2977 1119 3009 A
1219 2977 1260 3009 18
1282 2975 1430 3016 unum‘2]
1452 2977 1522 3009 duo
1546 2976 1574 3007 A
1675 2976 1716 3008 21
1739 2984 1768 3008 c.
1789 2984 1820 3008 a.
1842 2984 1874 3007 n.
1896 2983 1924 3007 s.
1945 2983 1973 3007 r.
1993 2974 2023 3006 A

363 3039 405 3070 24
435 3038 702 3070 ostendendum
723 3038 751 3070 A
852 3037 895 3069 28
922 3036 1072 3069 Boeth.:
1097 3036 1245 3069 essendi
1272 3036 1539 3076 consequentia
1636 3035 1678 3067 32
1707 3031 1869 3075 quoque]
1896 3041 1968 3074 quo
1994 3032 2024 3065 A

503 3108 514 3130 ¹
544 3108 594 3141 Cr.
622 3117 744 3149 supra
772 3118 805 3149 p.
836 3106 950 3141 12417.
1072 3106 1086 3129 2
1112 3108 1260 3140 Boeth.
1289 3106 1354 3139 207
1371 3107 1447 3139 AB.
