2200 3387
509 237 534 267 1.
566 235 629 267 biv
657 235 812 266 (ilos-son
841 244 882 266 zu
914 235 1146 275 Porphyrius.
1179 254 1193 255 ἡ
1249 236 1298 267 bv
1326 237 1543 269 differentia.
1825 237 1870 270 Τι’)

198 332 452 376 praedicari.
493 333 573 368 Sed
603 332 778 367 fortasse
807 331 988 366 strictius
1011 331 1063 366 ibi
1087 331 1363 367 differentiam
1393 334 1564 378 accepit.
1595 345 1667 379 pro
1696 335 1867 380 simplici

197 397 353 433 scilicet
382 397 595 434 vocabulo.
624 406 745 442 quam
776 395 1079 440 Porphyrius
1109 396 1183 432 bic.

341 462 563 498 Possumus
587 462 708 498 ctiam
732 461 923 497 fortassis
947 471 1020 505 per
1039 461 1132 497 illud
1158 470 1259 506 ,qua¹
1284 463 1571 507 praemissum,
1591 474 1680 499 cum
1705 465 1869 500 dicitur:

198 536 289 572 oua
317 527 522 564 abundat.
557 526 858 572 simplicitatem
895 526 1083 561 vocabuli
1119 526 1303 565 innuere.
1342 527 1446 563 sicut
1475 531 1515 563 et
1553 529 1589 563 in
1630 530 1870 565 (lcfinitionc

161 603 176 624 f·
198 592 457 628 universalis.
486 601 576 627 cum
600 591 763 627 dicitur:
794 590 912 635 ‚quod
937 590 1200 635 praedicatur
1221 591 1271 626 de
1295 591 1501 636 pluribus.
1526 603 1598 636 per
1620 593 1714 628 illud
1739 594 1868 638 ,quod

199 657 469 702 praemissum
499 656 802 701 simplicitatem
833 656 1023 691 vocabuli
1053 657 1300 692 notabamus
1319 659 1340 691 ¹.
1395 656 1565 692 Videtur
1593 657 1762 702 insuper
1790 669 1869 694 non

198 722 307 758 omni
336 721 597 757 differentiae
627 721 729 757 llaec
757 721 942 757 definitio
970 721 1208 757 convenire.
1243 731 1335 757 cum
1370 723 1611 767 frequenter
1638 724 1868 768 specierum

199 787 364 823 nomina
381 786 587 822 deficiant.
611 796 684 831 pro
706 787 853 831 quibus
877 786 1119 831 frequenter
1140 786 1398 823 differentias
1422 788 1519 832 poni
1548 788 1585 824 in
1610 788 1870 824 Divisionc

198 852 466 888 Boethius:
493 851 599 887 dicit.
653 851 703 887 At
732 861 831 887 vero
860 861 948 887 nos
971 861 1052 887 non
1076 851 1175 893 asad>
1197 854 1332 888 actum
1357 853 1633 897 impositionis
1661 854 1869 890 nominum

149 927 178 951 ιυ
199 917 455 962 respicimus.
484 917 557 952 sed
588 917 718 961 magis
747 917 798 952 ad
822 918 1011 952 naturam
1035 926 1182 955 rerum.
1205 918 1433 953 secundum
1459 928 1580 962 quam
1604 919 1756 964 imponi
1780 929 1872 964 pos-

198 985 303 1018 sunt.
356 981 402 1018 Et
431 982 485 1018 ita
513 991 676 1017 omnem
707 968 982 1018 differentiam
1012 983 1239 1018 secundum
1275 983 1621 1028 significationem
1661 994 1776 1020 suam
1816 985 1872 1020 in-

198 1047 305 1084 cludi
333 1047 371 1083 in
401 1047 541 1092 specie
571 1047 814 1083 naturaliter
840 1046 1014 1083 dicimus
1043 1049 1167 1092 atque
1196 1058 1271 1092 per
1299 1048 1375 1083 hoc
1410 1049 1592 1093 speciem
1630 1049 1874 1085 naturaliter

198 1123 223 1150 a
249 1122 405 1159 genere
433 1113 660 1150 abundare.
689 1112 849 1148 etiamsi
882 1113 1063 1149 nondum
1092 1113 1289 1158 generale
1319 1114 1382 1149 vel
1412 1114 1594 1159 speciale
1625 1115 1870 1150 vocabulum

197 1179 250 1214 sit
276 1178 501 1214 inventum,

148 1252 180 1276 15
344 1243 516 1280 Videtur
543 1243 666 1279 etiam
702 1243 968 1288 supraposita
1003 1243 1190 1279 definitio
1227 1244 1489 1280 differentiae
1527 1245 1769 1289 quibusdam
1807 1255 1874 1291 ge-

147 1310 152 1316 '
200 1309 369 1345 neribus
398 1309 642 1350 convenire;
672 1309 795 1344 homo
824 1318 1003 1353 namque
1031 1319 1055 1344 a
1089 1309 1322 1345 substantIa
1355 1310 1419 1345 vel
1457 1320 1633 1355 corpore
1670 1310 1709 1345 in
1747 1319 1873 1346 sensu

200 1382 364 1417 quoque
404 1373 524 1408 huius
561 1373 750 1410 nominis.
788 1373 897 1418 quod
936 1375 1000 1408 est
1039 1373 1204 1411 animal,
1245 1373 1439 1409 abundat.
1491 1373 1572 1410 Sed
1612 1374 1793 1410 fortasse
1834 1374 1871 1409 in

199 1438 481 1483 descriptione
527 1438 788 1474 differentiae
828 1438 1114 1474 substantialis
1156 1448 1307 1474 nomen
1357 1438 1620 1475 differentiae
1667 1440 1870 1484 praeponi

200 1503 588 1549 subintelligendum
612 1505 686 1542 est.
715 1503 823 1549 quod
851 1503 1046 1539 videlicet
1074 1513 1156 1539 non
1178 1503 1257 1539 nisi
1278 1506 1442 1548 sumpta
1464 1505 1667 1540 vocabula
1694 1504 1875 1543 includit.

145 1576 180 1601 20
200 1577 249 1604 ac
276 1567 310 1603 si
338 1567 394 1603 ita
422 1567 625 1603 dicamus:
665 1567 901 1603 differentia
938 1567 1225 1603 substantialis
1263 1569 1326 1603 est
1363 1577 1414 1603 ea
1451 1567 1697 1606 differentia,
1735 1568 1774 1604 id
1811 1571 1875 1604 est

200 1632 295 1669 illud
323 1632 601 1668 differentiale
630 1632 888 1672 vocabulum.
917 1632 1026 1677 quod
1055 1634 1130 1668 etc.

346 1697 483 1734 Homo
511 1698 637 1733 enim.
691 1697 799 1733 Vere
827 1697 992 1743 species
1026 1698 1210 1733 abundat
1242 1708 1267 1733 a
1304 1699 1461 1743 genere
1496 1698 1744 1739 differentia,
1779 1699 1875 1743 quia

202 1763 324 1799 homo
353 1763 404 1799 ab
442 1763 608 1799 animali
645 1763 838 1799 rationali
866 1765 906 1798 et
933 1763 1108 1799 mortali.
1147 1763 1185 1798 id
1214 1765 1279 1799 est
1306 1773 1398 1799 cum
1427 1765 1554 1799 totum
1585 1764 1739 1799 habeat
1767 1764 1875 1808 quod

202 1827 367 1865 animal,
395 1827 566 1872 insuper
592 1827 632 1862 in
661 1827 750 1863 istis
779 1827 1026 1863 differentiis
1055 1827 1239 1863 abundat
1264 1828 1316 1863 ab
1344 1837 1406 1863 eo.

147 1905 181 1930 25
346 1892 632 1933 Quaeritur.
660 1893 694 1928 si
721 1893 799 1929 hoc
828 1902 978 1928 nomen
1006 1892 1268 1928 rationalitas
1305 1893 1411 1929 sicut
1438 1893 1640 1929 rationale
1669 1893 1747 1929 hoc
1785 1894 1875 1929 loco

201 1958 437 1994 differentia
477 1959 659 1997 vocetur,
700 1968 790 1994 cum
832 1958 921 1994 eius
962 1967 1126 2003 quoque
1168 1958 1516 2003 significationem
1557 1959 1680 1994 homo
1721 1960 1873 1994 teneat.

201 2022 282 2059 Sed
311 2022 405 2058 licet
432 2023 629 2067 quantum
658 2022 709 2058 ad
732 2022 791 2058 rei
814 2024 1001 2058 naturam
1025 2031 1106 2058 non
1130 2022 1182 2057 sit
1201 2022 1369 2058 diversa
1390 2022 1639 2067 significatio
1662 2023 1876 2058 rationalis

202 2090 243 2124 et
269 2087 571 2127 rationalitatis,
606 2087 752 2123 modus
788 2089 928 2123 tamen
965 2087 1283 2133 significationis
1320 2087 1512 2123 diversus
1550 2090 1614 2124 est
1647 2088 1874 2124 secundum

202 2153 430 2189 essentiam
459 2155 500 2189 et
527 2153 817 2192 adiacentiam,
855 2162 931 2189 nec
964 2153 1088 2189 homo
1117 2153 1264 2189 dicitur
1291 2153 1506 2189 abundare
1534 2153 1574 2189 in
1603 2154 1681 2189 hoc
1709 2153 1876 2189 nominc

147 2232 182 2255 ³0
204 2218 497 2261 ,rationalitas·.
526 2218 631 2254 sicut
658 2218 697 2254 in
720 2218 798 2254 hoc
820 2218 986 2254 nomine
1012 2218 1249 2257 ,rationale‘‚
1273 2218 1370 2263 quia
1391 2219 1605 2254 abundare
1626 2228 1707 2254 non
1731 2219 1878 2254 dicitur

203 2293 327 2320 unum
356 2284 601 2320 vocabulum
631 2283 670 2319 in
699 2283 790 2321 alio.
827 2283 904 2319 nisi
939 2283 1117 2319 eundem
1154 2292 1320 2328 quoque
1359 2283 1677 2329 significationis
1711 2283 1875 2319 modum

203 2351 354 2385 teneat.
407 2348 448 2385 Si
488 2351 626 2384 tamen
660 2348 911 2394 quandoque
951 2350 991 2384 et
1030 2349 1108 2383 boc
1149 2357 1300 2384 nomen
1341 2349 1600 2385 rationalitas
1641 2348 1877 2385 differentia

203 2413 374 2450 dicatur,
402 2413 441 2449 in
470 2415 669 2458 quantum
696 2412 756 2448 rei
791 2412 1038 2458 significatio
1068 2414 1142 2450 est.
1180 2422 1288 2457 quae
1325 2412 1492 2459 proprie
1529 2412 1766 2449 differentia
1802 2416 1876 2450 est.

205 2488 286 2515 non
315 2480 377 2514 est
404 2478 641 2514 absurdum.

150 2555 185 2580 35
349 2542 618 2583 Quaeritur
644 2542 780 2581 etiam.
808 2551 899 2578 cum
927 2541 1146 2586 gressibile
1169 2541 1339 2579 dicatur.
1361 2541 1470 2586 quod
1493 2543 1631 2586 potest
1653 2541 1877 2577 ambulare.

207 2608 324 2653 bipes
352 2617 453 2644 vero
481 2607 590 2652 quod
618 2609 776 2643 tantum
811 2607 915 2643 duos
954 2607 1083 2652 pedes
1123 2606 1366 2651 naturaliter
1402 2607 1556 2642 babeat
1591 2608 1716 2651 atque
1754 2606 1876 2641 homo

207 2672 421 2717 utriusque
437 2671 699 2708 differentiae
723 2670 975 2707 sententiam·
989 2672 1141 2708 teneat.
1164 2673 1299 2706 utrum
1322 2670 1453 2715 ipsum
1477 2670 1690 2706 ambulare
1713 2679 1877 2714 quoque

206 2737 419 2774 contineat
451 2737 491 2773 in
525 2746 653 2772 sensu
687 2746 763 2772 suo
798 2736 862 2772 vel
897 2736 1002 2771 duos
1042 2736 1182 2780 pedes.
1235 2735 1353 2775 Quod
1394 2735 1427 2770 si
1462 2736 1536 2772 est.
1578 2735 1656 2770 iam
1693 2735 1878 2779 profecto

207 2803 331 2839 etiam
359 2802 436 2838 ista
463 2802 724 2838 differentiae
753 2801 1012 2838 videbuntur.
1047 2801 1125 2836 nisi
1159 2801 1264 2836 forte
1293 2800 1330 2835 in
1370 2810 1420 2836 eo
1457 2800 1741 2838 excludantur.
1770 2799 1877 2844 quod

152 2886 187 2910 40
207 2870 377 2914 propter
413 2867 638 2913 potentiam
681 2869 837 2903 tantum
872 2867 946 2902 fuit
982 2866 1230 2911 impositum.
1283 2865 1400 2901 Unde
1437 2874 1566 2900 causa
1603 2864 1878 2910 impositionis

208 2934 288 2970 ista
315 2942 479 2979 quoque
508 2932 686 2969 includit.
715 2932 820 2968 sicut
846 2931 1037 2976 superius
1065 2931 1197 2975 quale.

354 3050 394 3081 15
424 3049 555 3089 quibus
582 3049 609 3080 A
747 3048 789 3080 23
819 3047 997 3079 rationale
1025 3047 1058 3079 id
1087 3049 1142 3079 est
1170 3055 1258 3079 mor.
1285 3046 1312 3078 Α

352 3119 361 3141 ¹
392 3120 442 3151 Cr.
472 3126 594 3160 snpra
624 3127 656 3158 p.
688 3118 780 3150 16³⁸.
879 3116 894 3138 ²
922 3117 1084 3152 Boctb..
1115 3117 1188 3149 Lib.
1218 3117 1263 3148 (Ie
1289 3116 1361 3148 div.
1393 3116 1446 3148 ΡΙ,
1473 3117 1527 3152 64,
1557 3125 1589 3156 p.
1619 3116 1737 3148 saon.
