2200 3387
479 240 509 272 2.
540 240 605 272 Die
635 239 790 272 Glossen
819 248 862 271 zu
891 239 959 271 den
988 237 1222 279 Kategorien.
1254 254 1293 258 —
1325 238 1375 270 De
1403 238 1619 270 substantia.
1828 235 1895 268 155

217 335 545 373 accidentalibus
575 337 683 382 quod
712 337 885 373 formam
915 335 1134 379 significat.
1187 335 1304 374 Quod
1343 337 1481 371 autem
1516 335 1574 370 ait
1612 334 1788 370 eundem
1830 343 1894 370 ca-

216 401 344 437 lorem
373 412 511 447 aquae
540 402 735 438 accidens
763 411 861 437 esse
890 402 930 436 et
959 400 1041 446 igni
1070 400 1397 439 substantialem,
1434 400 1634 435 ,eundem-
1664 399 1891 435 secundum

217 467 431 503 nominis
472 467 739 505 identitalem.
778 476 858 502 non
901 466 970 501 rei
1012 465 1124 501 dixit.
1184 465 1364 500 Alterius
1402 474 1581 509 namque
1620 467 1792 500 naturae
1830 468 1894 500 est

215 532 330 568 calor
357 533 423 577 qui
452 532 739 569 substantialis
768 532 976 568 elemento
1015 533 1078 566 est
1113 532 1154 566 et
1188 529 1402 570 naturalis,
1439 530 1609 565 alterius
1648 530 1712 565 1110
1749 531 1817 575 qui
1855 531 1892 567 in

179 597 424 633 ⁵elemento
460 597 732 634 accidentalis
777 597 950 633 infertur
993 606 1046 632 ex
1081 595 1256 632 naturali
1297 598 1338 631 et
1376 595 1547 631 alterIus
1588 597 1651 631 est
1688 595 1893 639 significa-

216 669 339 705 tionis
367 669 480 706 calor
507 669 597 705 sive
625 669 783 705 calidus
810 669 849 704 in
879 668 1169 713 designatione
1198 667 1303 703 illius
1332 669 1372 703 et
1400 667 1530 702 istius.

359 735 449 771 Non
474 745 552 770 nos
572 744 670 769 vero
697 734 959 770 conturbent.
1013 733 1119 774 Quia
1146 733 1250 768 <lixit
1277 732 1513 777 superius
1532 735 1558 767 ¹:
1587 729 1806 768 commune
1835 734 1899 767 est

215 800 325 835 omni
367 800 624 836 substantiae
665 809 747 835 non
788 808 885 835 esse
927 799 966 834 in
1008 798 1208 837 subiecto.
1249 800 1390 843 partes
1430 807 1530 833 vero
1569 797 1894 833 substantiarum

215 874 323 910 quae
354 865 479 901 etiam
509 864 768 901 substantiae
796 865 903 900 sunt.
933 864 989 899 ita
1017 864 1266 899 videbantur
1292 872 1389 899 esse
1412 863 1450 898 in
1474 865 1571 904 toto,
1599 863 1718 908 quasi
1746 863 1828 898 sint
1855 863 1892 898 in

166 939 196 963 ιω
218 931 418 968 subiecto,
448 932 489 966 ut
512 940 658 967 manus
686 931 725 966 in
748 939 925 975 corpore
947 930 1141 969 humano.
1163 929 1258 965 ideo
1281 929 1595 974 perturbaretur
1615 928 1763 973 aliquis
1785 929 1894 973 apud

215 1006 262 1032 se
293 1006 346 1032 ex
375 996 582 1041 superiori
611 996 721 1032 dicto
750 995 1047 1031 Aristotelis
1076 997 1117 1031 et
1144 1004 1198 1031 ex
1232 994 1428 1039 opinione
1465 1003 1542 1030 sua
1578 994 1756 1039 ideoque
1792 994 1895 1030 Ari-

213 1061 438 1098 stoteles
474 1062 581 1097 lianc
609 1061 965 1106 pel-turbationem
999 1062 1189 1097 removet
1223 1060 1386 1096 dicens:
1426 1070 1512 1095 11011
1547 1070 1626 1095 nos
1663 1070 1761 1095 ‘vero
1799 1070 1895 1095 eon-

213 1128 380 1163 mrbem
409 1128 485 1163 etc.
537 1127 584 1163 Et
611 1128 745 1164 nota.
783 1127 893 1171 quod
931 1126 1194 1171 superius2’
1221 1125 1527 1171 suprapositam
1556 1125 1894 1161 communitatem

214 1193 425 1229 vocibus
453 1193 782 1229 attribuebamus
808 1192 943 1238 gratia
977 1192 1142 1237 quidem
1181 1191 1511 1237 significationis,
1549 1191 1614 1227 liic
1651 1200 1752 1226 vero
1786 1200 1894 1227 ,esse

164 1265 195 1289 15
216 1258 256 1294 in
285 1258 485 1294 subiecto·
514 1258 640 1294 rebus
669 1258 816 1295 aufert.
853 1267 928 1303 per
961 1267 1066 1302 quas
1103 1257 1276 1293 vocibus
1309 1256 1536 1293 convenire
1572 1256 1802 1292 videbatur.
1854 1255 1895 1291 Si

216 1323 326 1360 enim
355 1324 422 1359 ala
448 1324 515 1359 vel
542 1333 702 1364 manus,
730 1333 799 1359 res
828 1323 957 1368 ipsae.
985 1323 1025 1358 in
1054 1322 1243 1359 subiecto
1271 1323 1425 1359 essent.
1460 1322 1647 1367 profecto
1684 1321 1790 1357 haec
1825 1330 1895 1357 no-

214 1389 327 1425 mina
356 1389 445 1429 ‚ala
475 1389 541 1425 vel
577 1393 761 1429 ,manus‘.
799 1397 906 1433 quae
943 1389 1154 1424 secundae
1193 1389 1287 1424 sunt
1323 1387 1595 1425 substantiae,
1631 1387 1670 1423 in
1708 1387 1895 1422 subiecto

217 1456 362 1491 essent
395 1455 531 1500 gratia
567 1454 897 1500 significationis.
950 1454 1007 1489 Ne
1039 1455 1156 1490 forle.
1208 1453 1305 1489 Ideo
1340 1453 1486 1497 inquit:
1525 1462 1611 1488 mm
1646 1453 1894 1488 conlurbem

214 1530 304 1561 nos,
340 1529 392 1556 ne
426 1520 534 1556 forte
563 1529 763 1565 cogamur
797 1519 989 1555 confiteri
1029 1528 1115 1560 eas,
1155 1519 1315 1554 scilicet
1353 1520 1504 1563 partes,
1543 1527 1626 1554 non
1667 1527 1764 1554 esse
1804 1518 1896 1554 sub—

158 1593 193 1619 20
213 1584 409 1628 stantias;
444 1585 553 1630 quod
591 1585 758 1630 quidem
796 1586 922 1623 esset,
963 1585 998 1621 si
1038 1584 1336 1620 confiteremur
1368 1593 1442 1620 eas
1482 1592 1578 1619 esse
1615 1583 1654 1619 in
1695 1583 1894 1619 subiecto.

210 1650 305 1686 Non
332 1651 460 1686 enim.
514 1650 666 1686 Reddit
695 1660 874 1691 causam,
913 1659 1041 1695 quare
1077 1651 1220 1695 partes
1257 1648 1583 1685 substantiarum
1621 1658 1704 1684 non
1742 1649 1895 1684 debent

212 1725 289 1752 nos
326 1717 590 1754 conturbare.
631 1716 729 1760 quia
767 1715 936 1756 scilicet,
975 1725 1264 1760 quaecumque
1302 1716 1398 1750 sunt
1436 1715 1476 1750 in
1517 1714 1655 1758 aliquo
1683 1715 1893 1758 tamquam

213 1782 366 1825 partes.
394 1790 476 1816 non
506 1782 602 1830 sunt
628 1781 668 1816 in
697 1789 747 1817 eo
776 1782 818 1816 ut
847 1781 885 1816 in
915 1781 1116 1816 subiecto.
1169 1780 1287 1821 Quod
1310 1779 1494 1816 ostendit
1514 1779 1775 1824 superius·3
1802 1788 1893 1814 cum

211 1846 285 1882 ait:
315 1846 366 1886 ,in
396 1846 584 1882 subiecto
613 1856 710 1882 esse
739 1845 841 1882 dieo·
870 1850 946 1882 etc.

157 1927 190 1953 25
358 1911 467 1947 Itzes!
495 1913 652 1948 autem.
705 1912 801 1947 Post
828 1911 938 1947 illam
977 1911 1316 1947 communitatem
1355 1920 1449 1951 ‚non
1487 1920 1585 1946 esse
1618 1910 1658 1945 in
1697 1909 1895 1945 subiecto·

211 1986 335 2022 quam
365 1976 477 2013 dedit
514 1977 758 2013 substantiis
796 1976 988 2012 omnibus
1027 1978 1068 2012 et
1104 1976 1362 2017 differentiis,
1400 1975 1522 2012 aliam
1556 1975 1750 2012 adnectit.
1786 1983 1893 2020 quae

210 2043 276 2078 est
306 2042 553 2088 ,praedicari
581 2043 783 2082 univoce,
811 2042 851 2078 id
886 2044 951 2078 est
988 2042 1156 2078 nomine
1198 2044 1240 2078 et
1278 2042 1440 2078 ratione
1475 2041 1746 2081 substantiae,
1786 2049 1893 2085 quae

211 2108 408 2144 secundis
436 2109 699 2145 substantitis
728 2110 769 2145 et
802 2108 1049 2145 differentiis
1084 2107 1293 2144 convenit.
1346 2107 1414 2144 Sic
1447 2107 1591 2153 iunge:
1631 2107 1720 2142 Non
1761 2107 1892 2142 solum

210 2174 456 2210 substantiis
485 2175 526 2210 et
553 2174 800 2211 differentiis
829 2184 1048 2210 commune
1083 2175 1149 2210 est
1184 2182 1269 2209 non
1306 2167 1401 2209 css'e
1438 2173 1478 2208 in
1515 2173 1714 2211 subiecto.
1749 2181 1891 2208 verum

157 2249 191 2273 30
212 2238 337 2275 etiarn
366 2239 486 2277 inest.
524 2240 563 2276 id
591 2241 656 2276 est
683 2240 891 2280 convenit,
920 2239 1163 2276 substantiis
1199 2240 1239 2274 et
1275 2239 1522 2275 differentiis
1559 2238 1699 2274 omnia
1734 2237 1894 2283 praedi-

211 2306 306 2341 cata
333 2314 386 2341 ex
414 2305 488 2343 his,
526 2305 564 2341 id
591 2307 655 2341 est
686 2305 826 2342 omnia
853 2304 1152 2350 praedicabilia
1178 2305 1230 2340 de
1258 2314 1433 2340 numero
1471 2304 1795 2340 substantiarum
1824 2310 1893 2346 vel

211 2369 550 2410 differentiarum.
587 2370 821 2416 praedicari
860 2370 1050 2406 univoce.
1112 2370 1357 2406 Praedicata
1391 2370 1530 2406 autem
1567 2369 1892 2405 determinamus

211 2436 382 2480 propter
409 2436 685 2480 particularia.
714 2445 822 2481 quae
851 2436 1085 2481 praedicari
1122 2445 1205 2472 non
1233 2436 1398 2473 habent.
1435 2435 1544 2480 quod
1585 2434 1892 2479 subintelligen-

212 2500 306 2536 dum
335 2510 429 2537 esse
457 2501 548 2546 ipse
576 2511 741 2546 quoque
770 2501 907 2537 statim
949 2501 1103 2538 indicat
1136 2501 1339 2537 subdens:
1380 2510 1489 2544 (luae
1525 2501 1578 2536 ab
1619 2500 1685 2536 leis
1718 2499 1891 2544 praedi-

157 2578 191 2601 35
212 2566 307 2601 eata
334 2567 446 2607 sunt,
473 2566 511 2602 id
540 2569 605 2603 est
632 2567 682 2602 de
711 2575 883 2603 numero
912 2567 1057 2603 horum
1086 2566 1392 2612 praedicabilia.
1444 2565 1492 2601 Et
1513 2574 1643 2610 quare
1666 2566 1744 2601 hoc
1766 2565 1889 2600 etiam

211 2630 472 2670 determinet.
506 2632 702 2677 supponit
729 2641 910 2672 causam,
955 2642 1047 2668 cum
1077 2632 1144 2672 ait,
1181 2631 1291 2676 quod
1328 2632 1440 2667 nulla
1477 2633 1541 2667 est
1577 2630 1834 2676 praedicatio
1867 2639 1891 2665 a

211 2695 428 2740 principali
456 2696 702 2734 substantia.
740 2697 837 2741 quia
865 2696 1023 2732 scilicet
1051 2696 1204 2732 nullum
1232 2696 1359 2731 habet
1386 2695 1557 2731 inferius
1585 2695 1636 2731 de
1665 2704 1746 2739 quo
1774 2703 1891 2739 prae-

211 2759 380 2795 dicetur.
434 2759 589 2795 Omnia
619 2760 745 2795 enim.
797 2759 959 2799 Probat.
987 2761 1095 2805 quod
1119 2769 1266 2796 omnes
1289 2759 1550 2795 substantiae
1573 2758 1889 2804 praedicabiles,

211 2825 370 2861 scilicet
406 2825 678 2865 universales,
719 2827 759 2861 et
799 2835 944 2861 omnes
985 2825 1246 2861 differentiae
1287 2825 1582 2870 praedicantur
1621 2823 1809 2860 univoce.
1850 2825 1891 2858 et

157 2898 191 2922 ⁴0
212 2889 335 2925 talem
364 2888 649 2933 syllogismum
678 2889 877 2934 disponit:
912 2889 1067 2925 Omnes
1106 2889 1366 2924 universales
1406 2887 1666 2924 differentiae
1695 2887 1759 2923 vel
1798 2887 1890 2922 sub-

211 2953 390 2990 stantiae
419 2953 712 2998 praedicantur
739 2953 789 2989 de
818 2954 996 2989 diversis
1025 2954 1182 2990 tantum
1211 2953 1433 2990 individuis
1462 2953 1525 2989 vel
1555 2952 1680 2988 etiam
1709 2951 1888 2988 diversis

354 3059 397 3090 :33
427 3059 523 3099 quod
551 3067 636 3091 esse
663 3058 794 3090 subint.
823 3067 908 3090 esse
939 3059 963 3089 ,1
1067 3059 1110 3089 35
1139 3056 1268 3099 quare]
1298 3058 1486 3098 quaeritur
1513 3058 1536 3089 .-t

355 3123 362 3144 ¹
395 3124 543 3156 l3oeth.
573 3127 594 3156 Ι.
623 3134 661 3160 ι’..
692 3133 724 3164 p.
758 3124 864 3155 11191)

352 3183 366 3203 “·’
394 3183 444 3215 Cr.
473 3191 594 3224 supra
624 3192 655 3223 p.
684 3184 741 3214 151
762 3192 843 3222 sqq.
967 3182 981 3202 ³¹
1010 3182 1157 3214 Boetli.
1188 3182 1208 3213 Ι.
1237 3192 1276 3217 c..
1307 3191 1339 3223 p.
1372 3182 1487 3213 16911.

1929 699 2059 734 novun.

1927 757 1960 789 p.
1978 747 2045 780 192
2057 747 2088 781 1)

1924 1884 2058 1919 Boeth.

1927 1943 1962 1976 p.
1981 1933 2052 1967 193
2066 1932 2093 1967 A
