2200 3387
135 1183 270 1217 Boeth.

137 1241 170 1273 p.
181 1232 245 1265 li?
256 1232 268 1254 7

132 2037 268 2072 Boeth.

112 2095 146 2128 p.
158 2086 267 2118 1:81⁴

301 209 345 242 34
664 207 768 240 l’eler
795 206 999 239 Abaelards
1027 206 1161 247 Logica
1189 198 1512 247 ,Ingredientibus⁴.

301 306 468 341 Thebae
498 308 536 341 et
558 305 745 340 Athenae
772 303 934 339 Pindari
955 304 1043 344 <et>
1057 302 1249 338 Platonis.
1301 301 1464 337 Habere
1489 310 1622 345 glenus
1650 311 1676 337 a
1710 302 1899 346 Tantam,
1919 301 1959 339 id

302 374 365 406 est
394 371 519 406 habet
545 369 758 405 Tantalum
788 371 830 404 ut
857 377 988 413 genus
1021 377 1151 403 suum.
1198 366 1363 402 Etenim
1392 366 1552 410 patria.
1603 365 1751 402 Reddit
1777 376 1958 408 causam,
1987 388 1991 392 ·

301 445 429 479 quare
474 435 513 470 in
561 444 642 469 una
687 433 992 479 significatione
1037 432 1205 477 generis
1243 433 1401 476 patrem
1441 431 1482 466 et
1520 430 1694 475 patriam
1733 431 1958 473 coniunxit,

302 500 530 536 secundum
576 499 654 535 hoc
701 498 869 535 scilicet,
915 497 1023 541 quod
1070 499 1286 541 utrumque
1339 495 1486 532 dicitur
1535 495 1779 540 principium
1830 496 1959 541 ipsius

300 564 507 611 generati;
549 564 622 599 sed
659 573 711 599 ne
745 565 828 599 tam
864 562 1028 607 proprie
1066 562 1180 597 locus
1218 560 1459 606 principium
1500 569 1594 596 esse
1619 559 1810 596 videatur
1835 570 1995 606 quams

300 633 428 675 pater.
456 629 650 674 supponit
677 628 782 664 hanc
803 627 1148 673 significationem
1177 625 1364 670 principii
1392 634 1514 670 quam
1536 625 1803 661 novissimam
1832 625 1957 670 ponit.

301 695 460 731 scilicet
488 694 538 730 de
566 695 695 738 patre.
731 702 824 728 esse
852 691 1214 737 promptissimam,
1248 690 1287 726 id
1321 691 1386 725 est
1420 689 1552 735 magis
1591 689 1811 735 propriam,
1847 700 1896 726 ac
1923 690 1958 726 si

301 760 476 795 diceret:
520 759 615 794 licet
653 760 870 802 utrumque
915 766 1059 792 vocem
1103 755 1358 800 principium,
1404 754 1569 799 proprie
1609 756 1747 791 tamen
1787 756 1957 800 patrem.

299 825 430 860 Locus
458 833 558 860 vero
587 833 661 868 per
687 822 881 859 accidens
910 822 969 857 sic
996 822 1178 856 vocatur.
1230 819 1278 855 Et
1304 819 1453 860 statim.
1481 829 1609 864 quare
1636 821 1756 864 pater
1780 819 1958 865 proprie,

301 889 494 934 supponit
522 889 680 924 dicens:
709 887 895 922 Romani
914 886 1041 925 enim,
1069 895 1118 921 ac
1134 885 1168 921 si
1183 885 1360 921 diceret:
1388 884 1486 929 quia
1506 884 1586 930 ipsi
1605 884 1794 929 generati
1813 885 1959 921 melius
1981 892 2014 918 10

299 955 351 990 ad
378 956 535 999 patrem
566 962 611 988 se
639 952 803 991 habent,
832 961 885 986 ex
913 960 992 995 quo
1020 960 1171 986 nomen
1203 950 1451 986 contrahunt
1472 950 1514 985 et
1541 949 1958 995 consanguinitatem,

299 1029 422 1064 quam
457 1018 509 1054 ad
546 1017 732 1062 patriam.
792 1016 851 1051 De
888 1015 1065 1051 nominis
1104 1015 1356 1051 hereditate¹
1391 1014 1563 1056 <habet>
1595 1013 1721 1059 prius,
1766 1023 1857 1050 cum
1901 1014 1959 1051 ait

296 1084 505 1119 Romanos
540 1082 618 1118 dici
654 1092 679 1117 a
711 1081 894 1121 Romulo,
934 1079 1185 1125 Cecropidas
1221 1089 1246 1116 a
1273 1078 1470 1124 Cecrope,
1509 1079 1561 1115 de
1597 1079 1958 1125 consanguinitate

296 1158 409 1187 vero.
450 1157 540 1183 cum
580 1146 795 1191 supponit:
835 1148 870 1181 et
907 1147 1063 1181 horum
1097 1144 1301 1189 proximi,
1337 1144 1377 1180 id
1421 1145 1485 1180 est
1525 1143 1604 1188 ipsi
1639 1144 1827 1190 generati
1863 1146 1959 1180 sunt

297 1213 474 1258 proximi
495 1213 651 1249 horum.
680 1211 838 1247 scilicet
858 1212 1034 1255 patrum,
1056 1209 1097 1245 id
1118 1211 1182 1245 est
1202 1208 1512 1254 consanguinei.
1562 1208 1612 1244 Εἰ
1631 1209 1757 1253 prius
1772 1209 1956 1254 quidem.
1980 1222 2012 1248 15

299 1278 404 1318 Quia
444 1276 634 1322 superius
674 1276 848 1321 primam
887 1274 1234 1321 significationem
1269 1273 1435 1320 generis
1470 1273 1606 1318 posuit
1631 1273 1957 1319 generationem,

299 1353 350 1379 ne
391 1343 484 1378 ideo
526 1342 615 1386 ipsa
652 1342 730 1377 hoc
759 1350 911 1376 nomen
940 1339 1049 1385 quod
1077 1342 1140 1376 est
1167 1348 1310 1385 genus,
1343 1339 1456 1384 prius
1493 1339 1709 1384 accepisse
1736 1338 1957 1379 videretur,

298 1417 419 1453 quam
456 1407 564 1444 illud.
599 1407 708 1451 quod
743 1407 804 1442 est
830 1405 1074 1451 principium
1108 1404 1249 1450 ipsius,
1284 1404 1436 1440 idcirco
1473 1403 1655 1439 ostendit
1693 1403 1772 1440 hoc
1804 1413 1956 1440 nomen

297 1483 429 1519 genus
468 1472 580 1517 prius
620 1471 856 1516 impositum
891 1470 1019 1506 fuisse
1052 1469 1254 1515 principio
1288 1478 1409 1514 quam
1443 1468 1715 1514 generationi.
1765 1469 1959 1513 Namque

298 1538 540 1574 dividentes.
593 1537 742 1572 Probat
778 1536 828 1571 ab
866 1535 1028 1575 effectu,
1068 1534 1178 1579 quod
1217 1533 1432 1579 generatio
1472 1534 1631 1570 dicatur
1675 1543 1816 1579 genus,
1862 1533 1958 1578 quia
1977 1545 2012 1571 20

298 1603 458 1639 scilicet
484 1603 562 1638 hoc
591 1601 782 1646 superius
811 1600 913 1636 dixit
941 1600 1199 1645 distinguens
1225 1599 1333 1635 hanc
1360 1598 1706 1644 significationem
1729 1597 1896 1644 generis
1918 1599 1959 1634 et

298 1677 460 1713 ponens
487 1669 531 1702 ut
558 1667 766 1702 diversam
803 1666 853 1701 ab
888 1665 979 1701 aliis
1007 1664 1391 1710 significationibus.
1444 1663 1562 1704 Quod
1589 1663 1713 1699 etiam
1739 1663 1813 1699 ait:
1852 1663 1958 1698 divi-

298 1734 439 1768 dentes
474 1734 510 1767 et
545 1733 794 1776 separantes
832 1730 1120 1766 collectionem
1156 1729 1455 1764 Romanorum
1494 1729 1547 1763 ab
1591 1728 1693 1763 aliis
1723 1727 1959 1772 yeneribus,

297 1798 348 1834 ad
376 1798 543 1833 diversa
570 1796 715 1832 referri
743 1797 890 1841 potest,
926 1796 969 1830 ut
995 1794 1189 1830 videlicet
1215 1803 1290 1839 per
1331 1793 1584 1834 ,dividentes‘
1616 1792 1824 1828 diversam
1851 1791 1958 1828 hanc

298 1872 394 1898 esse
410 1861 756 1907 significationem
772 1870 797 1896 a
812 1860 963 1896 ceteris
979 1860 1139 1895 duabus
1155 1858 1528 1904 significationibus
1544 1857 1710 1903 generis
1727 1856 1957 1897 innuamus,
1977 1868 2011 1894 25

296 1937 370 1972 per
398 1928 669 1971 ,separantes‘
697 1934 798 1961 vero
826 1925 867 1961 in
894 1934 944 1960 eo
972 1924 1130 1960 scilicet
1156 1923 1266 1968 quod
1286 1923 1564 1959 Romanorum
1586 1922 1742 1963 dicitur,
1763 1931 1789 1957 a
1806 1921 1957 1957 ceteris

295 1991 646 2038 generationibus.

436 2056 571 2092 Aliter
596 2058 751 2091 (sutem.
804 2055 901 2090 Post
940 2054 1043 2090 duas
1083 2052 1411 2100 significationes
1449 2052 1617 2098 generis
1652 2051 1816 2088 tertiam
1842 2051 1958 2096 ponit

297 2121 579 2160 novissimam,
617 2120 668 2156 de
704 2129 786 2165 qua
821 2119 996 2155 intendit
1032 2120 1074 2155 et
1107 2118 1148 2154 in
1176 2127 1258 2163 qua
1283 2119 1468 2153 moratus
1495 2119 1570 2158 est,
1603 2117 1655 2152 ad
1683 2125 1804 2161 quam
1833 2115 1956 2152 etiam

298 2196 350 2222 ex
379 2185 644 2222 similitudine
666 2185 837 2220 aliarum
866 2184 1038 2220 duarum
1066 2182 1278 2219 transferri
1306 2182 1553 2218 vocabulum
1573 2180 1741 2227 generis
1762 2180 1955 2217 insinuat.
1976 2192 2011 2219 30

297 2252 413 2292 Quae
435 2252 521 2286 est:
549 2250 666 2285 Illud
690 2250 759 2285 cuz·
788 2249 1055 2294 supponitur
1073 2248 1238 2293 species.
1284 2247 1337 2283 Ut
1363 2248 1502 2282 autem
1529 2246 1633 2282 haec
1660 2245 1844 2282 definitio
1872 2245 1954 2282 sint

296 2316 504 2362 generalis
526 2314 717 2355 nominis,
734 2314 999 2359 ,supponitur‘
1015 2313 1055 2349 in
1077 2312 1173 2358 quid
1200 2312 1510 2358 intelligendum
1532 2313 1595 2348 est
1621 2311 1726 2347 sicut
1745 2310 1956 2356 proprium

295 2381 462 2426 generis
477 2380 657 2416 inferius.
709 2380 773 2415 Aa
793 2380 949 2415 horum
972 2379 1161 2414 fortasse.
1213 2377 1354 2414 Genus
1376 2377 1468 2413 dico
1489 2377 1568 2413 hoc
1590 2376 1742 2412 dictum
1764 2375 1955 2412 fortassis

295 2456 427 2492 genus
471 2446 522 2481 ad
568 2445 873 2481 similitudinem
919 2444 1065 2480 horum
1117 2442 1435 2489 praedictorum,
1485 2441 1674 2487 principii
1713 2441 1871 2477 scilicet
1915 2441 1957 2477 et

296 2510 589 2557 generationis.
638 2509 863 2550 ,Fortassis
897 2510 1268 2554 temperamentum
1301 2509 1363 2544 est
1383 2506 1721 2552 philosophicum,
1748 2506 1843 2542 licet
1869 2515 1955 2542 cer·
1973 2517 2010 2544 35

296 2579 379 2613 tum
408 2576 446 2612 ei
472 2577 595 2616 esset,
624 2575 732 2619 quod
760 2574 865 2610 dicit.
918 2574 993 2610 Vel
1020 2574 1144 2609 etiam
1171 2572 1396 2609 dubitative
1423 2571 1553 2617 potuit
1579 2571 1729 2612 dicere,
1756 2571 1954 2617 ignorans

296 2641 453 2677 scilicet
493 2640 527 2676 si
567 2642 737 2685 propter
774 2639 881 2676 hanc
925 2638 1231 2674 similitudinem
1269 2638 1382 2673 esset
1413 2636 1657 2672 translatum
1695 2635 1953 2672 vocabulum.

294 2706 459 2742 Etenim
500 2705 784 2750 principiam.
852 2699 960 2740 vere
1003 2703 1055 2739 ad
1101 2701 1407 2739 similitudinem
1447 2701 1591 2737 horum
1635 2700 1953 2746 praedictorum,

295 2771 391 2815 quia
429 2770 480 2806 ad
525 2769 832 2805 similitudinem
868 2771 950 2805 tam
989 2767 1177 2813 principii
1213 2776 1336 2811 quam
1376 2765 1644 2802 collectionis.
1694 2766 1728 2801 A
1755 2765 1953 2810 partibus.

294 2835 354 2871 De
381 2834 580 2880 principio
608 2835 745 2870 autem
772 2833 1077 2869 similitudinem
1104 2830 1329 2877 praemittit
1355 2831 1497 2867 dicens
1519 2830 1643 2866 etiam
1670 2839 1802 2876 genus
1828 2830 1954 2875 quod-
1972 2842 2008 2868 ιο

437 2950 455 2980 2
477 2948 652 2980 Tantalus
672 2948 700 2980 A
788 2947 829 2979 12
856 2947 1012 2979 nominis
1032 2946 1235 2978 hereditate
1250 2945 1378 2977 Boeth.
1400 2954 1434 2985 p.
1458 2940 1642 2977 17211-12
1691 2944 1836 2977 nomine
1849 2943 1953 2976 here-

296 3007 417 3039 ditatis
438 3007 467 3039 A
546 3006 587 3038 18
609 3006 754 3038 adcirco
774 3006 802 3038 A
882 3005 925 3037 32
947 3007 1092 3045 suppos]
1113 3004 1230 3044 inquit
1248 3003 1278 3036 A
1347 3003 1392 3035 38
1413 3003 1630 3043 principium
1644 3001 1952 3042 Boeth.pat1·iaA

435 3075 445 3097 ¹
474 3076 639 3114 Boeth.‚
668 3075 689 3108 l.
717 3085 756 3112 0.,
784 3084 817 3115 p.
848 3071 1042 3107 17211-12.
