2200 3387
188 910 220 936 10

186 1235 218 1261 15

182 1567 217 1592 20

179 2217 214 2242 30

507 220 538 253 2.
567 219 632 252 Die
659 219 815 253 Glossen
844 229 886 251 zu
916 218 983 251 den
1016 218 1249 259 Rau-gurion.
1283 239 1319 243 —
1352 221 1402 253 ll(-
1432 223 1646 261 (piantitate.
1855 218 1921 255 172¹.

244 316 309 352 vel
338 326 547 353 numerus.
601 316 782 352 Dicimus
812 316 950 360 itaque
981 316 1146 352 nomine
1169 317 1411 361 ‹luantitatis
1434 328 1512 353 non
1538 320 1764 363 quamlibet
1785 320 1920 364 pluru-

244 381 400 417 litatem
429 382 701 426 quantitatum
731 381 943 426 appellari.
971 381 1045 416 sed
1074 381 1163 417 illas
1192 383 1347 417 tantum
1378 393 1485 427 quae
1514 383 1564 418 ad
1596 394 1716 420 unam
1756 395 1918 420 mensu-

244 446 445 482 rationem
475 446 739 483 accomodari
767 446 913 484 solent.
943 448 984 482 ut
1011 446 1182 491 quilibet
1210 456 1406 482 numerus
1435 458 1510 492 per
1537 459 1582 483 se
1607 450 1668 484 vel
1694 449 1813 484 linea.
1862 450 1917 486 lfix

243 510 305 546 liis
343 520 443 546 vero
477 511 596 546 simul
627 519 761 555 neque
799 519 921 546 unum
960 510 1191 546 subiectum
1231 521 1366 555 neque
1405 512 1573 547 diversa
1603 513 1664 548 vel
1695 514 1824 548 semel
1856 515 1917 549 vel

243 576 389 612 eodem
420 577 607 621 tempore
637 577 942 612 mensurantur.

383 641 498 677 Nunc
525 642 661 677 autem
691 641 742 676 de
770 641 1001 676 oratione
1030 643 1224 686 superest
1251 651 1392 685 agere,
1421 652 1543 687 quam
1581 642 1699 678 simul
1729 653 1819 679 cum
1851 654 1919 679 nu-

241 716 354 742 mero
371 707 578 742 discretae
595 706 815 750 quantitati
836 706 1054 751 supposuit
1070 709 1091 742 ¹.
1144 706 1211 742 Est
1233 708 1370 742 autem
1396 707 1473 743 hoc
1496 707 1586 743 loco
1609 708 1742 743 oratio
1766 703 1915 744 nornen

239 772 453 808 cuiusdam
483 781 705 807 mensurae
733 771 843 807 a'cris
871 771 1096 816 strepentis
1125 773 1165 808 et
1193 771 1394 810 sonantis.
1422 773 1649 808 secundum
1673 783 1793 817 quam
1825 783 1915 809 eum

239 837 379 873 auditu
408 837 610 873 metimur.
662 836 762 873 Nam
792 838 959 881 practer
988 837 1122 873 lineas
1150 838 1216 873 vel
1245 837 1491 882 superficies
1525 839 1773 883 ceterasque
1810 849 1919 875 men-

239 912 370 940 suraS.
408 912 512 947 quas
540 903 666 938 habet
698 903 867 938 a'ereum
897 912 1048 947 corpus
1077 912 1319 938 communes
1348 912 1439 939 cum
1469 904 1623 939 ceteris
1662 905 1917 949 corporibus.

240 968 364 1004 babet
391 968 599 1013 quandam
627 967 848 1013 propriam,
871 977 977 1012 quae
1006 970 1283 1006 mensuratur,
1311 969 1405 1004 dum
1434 971 1567 1008 sonat,
1596 971 1782 1005 tenorem
1808 970 1919 1006 vide-

239 1033 335 1069 licet
361 1033 568 1079 quendam
602 1033 639 1069 ei
668 1033 941 1073 adiacentem,
970 1033 1038 1078 qui
1061 1033 1183 1069 modo
1206 1033 1349 1073 maior,
1372 1034 1494 1070 modo
1519 1034 1651 1070 minor
1671 1035 1920 1072 discernitur

239 1108 313 1143 pro
336 1108 385 1135 eo
409 1099 517 1144 quod
540 1100 614 1135 aer
634 1099 925 1135 vehementius
942 1099 1006 1134 vel
1029 1099 1244 1135 remissius
1267 1099 1505 1144 percutitur.
1542 1100 1614 1135 Hic
1636 1103 1775 1136 autem
1798 1103 1919 1137 tenor

240 1164 330 1210 ipse
347 1166 410 1201 est
431 1165 630 1210 strepltus
651 1164 775 1203 aeris,
798 1174 920 1210 quem
937 1165 1015 1200 hoc
1034 1165 1125 1201 loco
1147 1165 1180 1200 A
1198 1164 1237 1200 ri
1251 1165 1469 1201 stoteles
1492 1166 1765 1210 quantitatem
1784 1169 1918 1202 vocat.

380 1229 450 1266 Est
470 1231 610 1267 autem
638 1230 677 1266 in
700 1239 804 1266 voce
832 1230 964 1266 aliud
993 1232 1136 1266 tenor
1159 1230 1249 1275 ipse
1272 1231 1340 1275 qui
1363 1231 1572 1275 quantitas
1594 1231 1751 1271 dicitur.
1782 1232 1880 1268 aliu
1893 1233 1915 1268 d

238 1296 431 1341 tempus
459 1295 600 1332 vocis
628 1295 718 1332 sive
747 1297 1001 1332 accentus.
1053 1296 1259 1332 Tenorem
1296 1296 1405 1332 enim
1440 1297 1575 1341 ipsum
1603 1297 1820 1342 strepitum
1849 1308 1918 1343 ap-

238 1361 452 1406 pellamus.
481 1364 643 1406 tempus
672 1371 772 1397 vero
802 1371 959 1397 moram
989 1361 1120 1406 ipsam
1149 1361 1319 1401 tenoris,
1358 1362 1587 1398 secundum
1613 1372 1735 1407 quam
1771 1364 1845 1399 aer
1879 1363 1916 1399 in

238 1436 343 1462 sono
371 1427 462 1472 plus
490 1426 681 1462 minusve
716 1428 946 1472 permanet.
999 1425 1112 1462 Sicut
1149 1426 1259 1462 enim
1297 1427 1525 1463 secundum
1563 1429 1726 1472 tempus
1761 1430 1919 1465 cetera-

237 1501 325 1528 rum
354 1501 492 1528 rerum
519 1492 852 1537 permanentiam
879 1501 1181 1530 mensuramus.
1210 1492 1267 1528 ita
1295 1492 1419 1528 etiam
1447 1493 1589 1529 aerem
1618 1494 1684 1529 vel
1727 1495 1915 1530 tenorem

238 1557 370 1603 ipsum
410 1558 521 1594 aeris
561 1558 790 1594 secundum
829 1559 993 1602 tempus
1034 1557 1279 1593 dimetimur.
1344 1558 1571 1594 Accentum
1613 1567 1712 1594 vero
1752 1560 1916 1595 modum

236 1622 370 1668 ipsum
392 1623 689 1668 pronuntiandi
709 1623 895 1662 dicimus.
918 1632 999 1668 quo
1020 1623 1217 1659 videlicet
1238 1624 1360 1659 acute
1382 1624 1448 1659 vel
1463 1624 1648 1669 graviter
1662 1625 1727 1660 vel
1747 1624 1917 1660 circum-

236 1688 348 1725 flexe
376 1698 503 1725 sonus
531 1689 649 1725 vocis
677 1688 850 1725 ducitur.

378 1752 426 1789 Et
452 1753 673 1792 attende.
702 1753 812 1797 quod
840 1752 1034 1798 quidam
1064 1753 1142 1789 hoc
1170 1762 1322 1789 nomen
1351 1753 1460 1798 quod
1490 1755 1554 1789 est
1581 1754 1725 1791 oratio.
1749 1755 1915 1799 quando

236 1818 301 1853 est
327 1817 569 1862 quantitatis
596 1827 761 1857 nomen,
794 1817 851 1853 ita
878 1817 991 1863 large
1028 1819 1195 1853 sumunt
1228 1817 1337 1863 quod
1376 1818 1415 1853 in
1450 1827 1500 1854 eo
1538 1818 1765 1863 quemlibet
1803 1819 1914 1854 a'eris

237 1884 425 1918 tenorem
452 1882 677 1921 includunt,
705 1884 789 1919 tam
816 1882 974 1919 scilicet
1002 1882 1286 1924 indivisibiles
1323 1884 1365 1919 ut
1402 1884 1497 1919 sunt
1533 1883 1625 1919 soni
1660 1883 1914 1929 singulorum

236 1948 549 1989 elementorum,
589 1948 628 1984 id
667 1950 731 1984 est
769 1948 993 1988 literarum,
1034 1958 1156 1993 quam
1197 1948 1438 1989 divisibiles,
1477 1951 1520 1984 ut
1557 1949 1812 1993 syllabarum
1849 1950 1914 1985 vel

235 2014 459 2050 dictionum
486 2014 553 2050 vel
587 2014 832 2052 orationum.
870 2014 1100 2050 secundum
1138 2023 1261 2059 quam
1300 2014 1467 2059 quidem
1505 2014 1794 2059 acceptionem
1833 2024 1914 2050 non

235 2079 383 2115 dicitur
415 2079 550 2115 omnis
589 2079 723 2115 oratio
763 2079 956 2119 discreta,
998 2079 1095 2124 quia
1131 2079 1338 2124 quaedam
1377 2080 1473 2115 sunt
1510 2079 1799 2118 indivisibiles,
1837 2090 1915 2116 nec

235 2144 359 2181 etiam
387 2144 522 2181 omnis
550 2144 838 2191 significativa.
890 2144 978 2180 Hoc
1004 2146 1143 2181 autem
1172 2144 1373 2182 dicentes,
1402 2144 1511 2189 quod
1547 2145 1679 2180 oratio
1708 2145 1916 2190 quoslibet

234 2211 404 2246 tenores
441 2209 660 2256 significat,
697 2210 793 2246 illud
828 2209 1031 2255 effugiunt
1071 2210 1179 2255 quod
1220 2209 1336 2246 vocis
1376 2219 1528 2246 nomen
1565 2209 1617 2246 ad
1657 2210 1914 2255 quantitates

235 2275 534 2321 significandas
561 2275 848 2312 transferatur.
900 2275 1001 2311 Nam
1030 2276 1172 2311 aerem
1200 2276 1360 2311 tantum
1388 2284 1561 2311 vocem
1597 2275 1809 2320 appellant
1846 2285 1916 2311 no-

234 2341 370 2377 lentes
416 2341 533 2377 exire
579 2341 758 2378 nominis
803 2341 1091 2386 acceptionem
1132 2350 1254 2385 quam
1294 2340 1522 2376 auctoritas
1558 2340 1702 2382 habet;
1761 2340 1915 2386 quippe

232 2406 552 2442 Priscianus2
591 2407 733 2442 aerem
773 2408 932 2442 tantum
971 2416 1120 2442 vocem
1158 2406 1350 2451 appellat.
1410 2405 1619 2442 Tenorem
1661 2415 1762 2442 vero
1802 2406 1914 2442 aeris

234 2481 399 2508 omnem
427 2472 682 2517 generaIIter
709 2471 942 2508 orationem
969 2473 1133 2512 vocant,
1162 2481 1240 2507 nec
1278 2473 1417 2508 tamen
1454 2472 1611 2517 negant
1646 2472 1724 2507 hoc
1761 2481 1912 2507 nomen

197 2551 213 2575 ,3
234 2535 390 2575 ,oratio‘
418 2536 459 2572 in
488 2535 779 2581 designatione
806 2536 917 2572 aeris
946 2535 1197 2581 quandoque
1226 2537 1443 2581 acceptum
1472 2535 1658 2581 speciem
1679 2535 1796 2571 vocis
1819 2545 1913 2571 esse

234 2599 350 2636 iuxta
377 2600 471 2636 illud
501 2600 853 2637 Aristotelis-2:
890 2601 1045 2641 ,Oratio
1081 2603 1145 2637 est
1181 2610 1266 2637 vox
1303 2600 1583 2646 significativa
1617 2601 1669 2637 ad
1708 2600 1912 2645 placitum·

235 2666 310 2701 etc.
362 2665 410 2701 Hi
437 2665 577 2710 itaque
606 2675 757 2702 nomen
795 2666 996 2702 orationis
1034 2667 1075 2702 et
1111 2666 1164 2706 ad
1202 2667 1343 2702 aerem
1382 2667 1422 2702 et
1458 2666 1509 2702 ad
1548 2668 1736 2701 tenorem
1775 2666 1914 2710 aequi-

235 2729 376 2766 vocari
398 2730 552 2769 volunt,
575 2739 723 2766 vocem
743 2732 882 2766 autem
905 2732 1062 2766 tantum
1086 2731 1226 2766 aerem
1250 2730 1329 2766 dici
1351 2730 1598 2766 concedunt.
1651 2729 1750 2765 Cum
1773 2731 1910 2765 autem

235 2793 272 2829 in
303 2793 593 2839 designatione
621 2794 840 2830 cuiuslibet
867 2795 1026 2830 tenoris
1048 2794 1281 2830 orationem
1304 2796 1480 2831 sumant.
1502 2793 1749 2829 strictiorem
1773 2795 1910 2829 tamen

378 2915 397 2946 9
425 2915 572 2946 metitur
602 2915 627 2945 A
778 2915 821 2946 20
850 2915 1034 2947 dimetitur
1064 2915 1090 2945 Λ
1169 2914 1418 2946 accidencium
1447 2915 1474 2946 Α
1624 2913 1730 2946 21-22
1759 2914 1911 2946 circum-

238 2974 339 3005 iluxe
367 2974 394 3006 A
522 2974 564 3004 :33
592 2983 720 3006 vocem
750 2974 806 3005 bis
830 2975 941 3015 Jnmil
967 2974 992 3006 A
1096 2975 1139 3005 :39
1168 2976 1288 3006 tamen
1319 2983 1414 3014 quae
1443 2973 1624 3014 quandam
1653 2973 1681 3005 A

380 3044 388 3065 ¹
419 3044 586 3077 Aliael..
615 3045 725 3080 Dial..
755 3054 788 3085 p.
820 3046 895 3077 190.
1018 3044 1032 3066 ‘2
1060 3045 1208 3079 Prisc..
1240 3046 1327 3077 lust.
1355 3054 1518 3083 yramm.
1548 3045 1568 3075 I.
1599 3054 1624 3076 ι».
1655 3044 1676 3078 1.
1707 3054 1739 3085 p.
1769 3046 1787 3075 ἵ)
1805 3044 1826 3076 ¹.

375 3104 389 3124 ³¹
417 3104 577 3137 noctu..
608 3104 649 3136 [ιι
679 3096 762 3136 libr.
790 3104 914 3140 Arist..
946 3101 1038 3147 Περὶ
1068 3104 1148 3146 ²0³¹-
1177 3104 1198 3136 l.
1228 3114 1254 3136 e.
1284 3104 1306 3141 1,
1336 3113 1368 3144 p.
1399 3103 1456 3138 4⁵.
1486 3103 1559 3135 ³1¹2.
