2200 3387
482 238 513 275 2.
542 241 608 276 Die
635 240 793 276 Glosscn
821 252 864 276 zu
893 243 962 277 den
990 242 1227 286 Kategoricn.
1258 262 1300 267 —
1329 242 1381 278 Dc
1410 245 1508 286 quali
1536 248 1571 279 et
1600 247 1788 288 qualitate.
1907 248 1974 281 225

436 339 506 376 Est
545 342 701 376 antem.
763 340 860 376 Post
899 340 1187 378 definitionem
1228 343 1439 387 qualitatis
1480 345 1676 389 supponit
1715 345 1975 382 divisionem.

294 405 412 447 Quod
441 407 580 442 autem
609 406 734 442 dividi
762 406 906 451 possit,
935 407 1171 452 praemittit,
1199 417 1291 443 cum
1320 408 1394 444 ait:
1433 410 1630 453 qualitate
1659 411 1807 446 multas
1837 420 1973 448 rerum

293 471 503 508 manerias
531 471 696 512 includi,
732 481 837 517 quas
871 471 1037 517 quidem
1065 472 1203 508 statim
1243 473 1500 518 distinguere
1539 476 1580 510 et
1617 477 1796 512 tractare
1834 477 1975 523 incipit

293 537 455 573 dicens:
493 537 541 573 Et
568 547 656 573 una
686 537 860 578 quidem
889 538 965 573 etc.
1017 537 1189 574 Duobus
1225 539 1359 574 modis
1399 540 1715 584 comprehendit
1752 542 1974 586 qualitates

256 607 272 632 5
293 602 414 638 huius
441 602 666 643 maneriae,
695 611 818 648 quam
840 602 1014 648 primam
1036 603 1163 648 ponit,
1192 604 1376 640 habitum
1399 605 1559 641 scilicet
1581 607 1622 641 et
1644 606 1973 651 dispositionem.

293 666 396 704 Sunt
422 668 562 703 autem
589 667 812 713 qualitates
840 667 961 703 huius
990 668 1205 704 maneriae
1234 677 1380 704 omnes
1414 669 1509 705 illae
1545 679 1651 714 quae
1688 680 1772 706 non
1810 673 1975 708 natura-

292 733 385 769 liter
412 733 610 769 subiectis
638 733 786 774 insunt,
824 733 899 770 sed
935 742 1010 778 per
1037 733 1219 779 aliquam
1256 743 1400 770 eorum
1438 735 1762 780 applicationem
1790 737 1973 779 veniunt,

292 799 335 834 ut
361 798 576 839 scientiae,
604 799 656 835 ad
685 808 789 844 quas
816 798 1034 835 habendas
1061 808 1139 835 nos
1167 799 1453 845 applicuimus,
1483 802 1523 836 et
1551 810 1839 847 quaecumque
1868 803 1975 840 aliae

292 864 514 909 qualitates
541 873 595 900 ex
622 873 673 901 eo
701 865 810 909 quod
839 863 1022 904 fecimus,
1051 865 1306 911 contingunt.
1360 865 1513 902 Harum
1542 868 1681 903 autem
1710 867 1870 912 primae
1892 878 1976 905 ma-

240 934 272 958 10
292 928 448 968 neriae,
482 938 591 974 quae
618 928 777 965 scilicet
812 938 886 974 per
922 929 1245 974 applicationem
1283 930 1466 971 veniunt,
1505 931 1612 967 aliae
1650 932 1828 973 habitus,
1865 933 1974 969 aliae

292 992 591 1039 dispositiones
619 993 819 1030 dicuntur.
872 993 1047 1030 Habitus
1083 995 1223 1030 autem
1252 996 1316 1031 est
1343 995 1522 1040 qualitas
1551 1005 1626 1040 per
1652 997 1975 1042 applicationem

291 1058 480 1100 veniens,
517 1058 552 1095 si
590 1068 674 1095 non
701 1058 823 1096 facile
851 1060 978 1105 queat
1005 1069 1030 1096 a
1057 1060 1247 1096 subiecto
1282 1060 1497 1103 dimoveri,
1535 1061 1753 1107 dispositIO
1790 1072 1903 1103 vero,
1940 1064 1975 1099 si

289 1123 424 1160 facile.
470 1123 560 1160 Non
581 1123 704 1160 facile
726 1125 866 1160 autem
887 1133 913 1160 a
933 1124 1121 1160 subiecto
1144 1124 1346 1161 dimoveri
1368 1135 1441 1161 eas
1463 1135 1628 1171 quoque
1651 1126 1826 1163 dicimus
1848 1127 1976 1172 quali-

290 1190 410 1231 tates,
438 1198 546 1235 quae
573 1189 670 1226 licet
695 1199 826 1235 parvo
855 1190 1046 1235 tempore
1075 1192 1290 1226 morentur
1326 1190 1365 1226 in
1401 1191 1602 1232 subiecto,
1640 1192 1760 1228 huius
1797 1195 1974 1229 naturae

239 1262 271 1287 15
292 1256 398 1297 sunt,
426 1256 470 1292 ut
497 1255 728 1291 subiectum
755 1264 838 1291 non
867 1255 1078 1297 deserant,
1106 1255 1186 1291 nisi
1213 1256 1331 1302 gravi
1359 1266 1488 1293 causa
1515 1257 1736 1299 incidente,
1765 1268 1874 1303 quae
1902 1268 1975 1295 eas

291 1321 514 1366 compellat
540 1320 754 1362 recedere,
781 1322 825 1357 ut
852 1321 1071 1358 scientiam
1098 1321 1218 1358 firme
1246 1321 1328 1358 iam
1356 1322 1552 1363 habitam,
1581 1332 1705 1368 quam
1743 1324 1824 1360 nisi
1851 1324 1975 1361 vehe-

290 1395 409 1423 mens
438 1388 479 1422 et
515 1386 710 1423 diuturna
746 1387 964 1433 aegritudo
1003 1386 1169 1424 auferre
1206 1397 1291 1424 non
1328 1389 1468 1433 potest
1504 1389 1572 1424 vel
1609 1399 1762 1435 magna
1798 1390 1973 1426 alicuius

291 1452 432 1499 gravis
460 1461 585 1489 casus
612 1452 822 1489 violentia.
875 1452 923 1489 Et
948 1453 1176 1494 attende,
1205 1454 1313 1498 quod
1352 1463 1435 1490 non
1464 1454 1556 1491 sine
1584 1464 1714 1491 causa
1741 1455 1863 1491 istam
1892 1466 1975 1492 ma-

291 1517 451 1554 neriam
479 1517 725 1563 qualitatum
752 1518 819 1554 vel
846 1518 1010 1554 ceteras
1045 1527 1115 1554 res
1152 1518 1337 1563 pluribus
1374 1519 1565 1565 assignat
1602 1520 1848 1561 nominibus,
1878 1520 1975 1565 quia

236 1589 271 1614 20
291 1583 384 1629 ipsa
410 1582 625 1629 pluralitas
653 1582 867 1620 nominum
895 1583 1097 1620 maiorem
1124 1583 1224 1620 facit
1251 1584 1548 1621 discretionem
1575 1594 1726 1621 rerum.

434 1642 549 1680 Solet
568 1643 648 1679 hoc
668 1643 760 1679 loco
789 1643 980 1688 quaeri,
1008 1652 1117 1689 quae
1147 1643 1199 1680 sit
1225 1643 1462 1680 huiusmodi
1490 1644 1638 1681 divisio
1668 1645 1879 1690 qualitatis
1901 1655 1975 1692 per

290 1709 495 1754 quattuor,
535 1709 579 1744 ut
605 1708 796 1749 diximus,
836 1708 1059 1745 manerias.
1111 1709 1159 1745 Et
1195 1709 1362 1754 quidam
1396 1719 1489 1746 eam
1526 1710 1694 1755 generis
1731 1711 1773 1746 iu
1808 1711 1974 1756 species

290 1783 388 1810 esse
415 1774 560 1810 volunt
587 1774 776 1810 dicentes
802 1773 843 1810 in
871 1773 1044 1820 singulis
1073 1774 1271 1810 maneriis
1300 1775 1381 1811 duo
1415 1775 1617 1820 specialia
1643 1777 1849 1812 vocabula
1875 1777 1974 1822 poni

289 1838 382 1874 loco
410 1838 532 1874 unius
565 1838 776 1884 generalis
793 1840 816 1874 ¹.
869 1838 930 1874 Ac
969 1838 1005 1874 si
1045 1838 1153 1874 enim
1193 1848 1269 1884 pro
1310 1848 1486 1884 corpore
1528 1839 1635 1876 duae
1676 1840 1766 1876 eius
1807 1841 1972 1886 species

235 1916 270 1942 25
291 1905 558 1949 ponerentur,
596 1913 748 1949 corpus
782 1903 977 1940 videlicet
1015 1904 1243 1940 animatum
1283 1906 1323 1940 et
1361 1904 1645 1945 inanimatum,
1687 1915 1794 1951 quae
1835 1907 1974 1943 omnia

290 1969 651 2016 comprehendunt
678 1979 867 2015 corpora,
895 1969 953 2006 ita
979 1979 1054 2015 pro
1076 1979 1233 2015 genere
1256 1970 1437 2015 quodam
1459 1971 1563 2007 duas
1586 1971 1763 2017 species,
1786 1972 1971 2008 habitum

289 2035 447 2073 scilicet
474 2036 516 2072 et
536 2035 868 2082 dispositionem,
895 2035 994 2082 poni
1016 2035 1218 2077 dicuntur,
1247 2037 1288 2072 et
1315 2036 1504 2073 similiter
1530 2037 1571 2073 in
1599 2038 1752 2074 ceteris
1774 2038 1973 2074 maneriis

289 2111 397 2148 quae
425 2102 588 2139 duobus
615 2101 852 2138 nominibus
880 2101 1162 2148 assignantur,
1196 2101 1307 2138 idem
1334 2101 1425 2138 fieri
1453 2102 1605 2139 dicunt.
1658 2102 1818 2144 Quibus
1847 2104 1971 2140 etiam

290 2167 530 2205 consentire
563 2167 808 2204 Boethius
844 2167 1019 2210 videtur,
1061 2167 1131 2213 qui
1169 2168 1210 2204 in
1250 2167 1537 2204 Commento
1579 2178 1707 2214 super
1746 2169 1974 2206 secundam

235 2245 270 2270 30
290 2233 550 2270 maneriam2
586 2233 711 2279 plane
739 2242 934 2270 asserere
962 2233 1128 2270 videtur
1152 2233 1391 2270 huiusmodi
1423 2234 1634 2270 manerias
1673 2235 1839 2280 species
1877 2244 1973 2272 esse

291 2299 568 2336 subalternas.
628 2298 730 2335 Cum
767 2299 876 2335 enim
916 2299 1146 2336 secundum
1186 2300 1392 2344 quosdam
1429 2300 1721 2345 quaestionem
1758 2300 1973 2342 movisset,

290 2373 421 2410 quare
447 2363 505 2401 ibi
531 2364 689 2401 diceret
717 2364 840 2406 ‚aliud
859 2368 1018 2411 genus‘,
1041 2374 1134 2401 cum
1155 2365 1269 2410 prius
1292 2365 1461 2401 omnino
1482 2368 1615 2407 <non>
1637 2365 1814 2402 dixisset
1836 2376 1971 2407 ,unum

289 2434 448 2476 genus‘,
476 2429 553 2466 sed
581 2439 675 2472 ,una
702 2430 893 2476 species‘‚
921 2430 1046 2467 solvit
1073 2440 1166 2467 eam
1188 2430 1345 2472 dicens,
1368 2430 1479 2476 quod
1500 2431 1541 2467 hi
1563 2431 1633 2476 qui
1653 2431 1732 2467 hoc
1754 2433 1971 2476 quaerunt,

290 2495 485 2541 ignorare
511 2495 705 2532 videntur
731 2495 841 2532 idem
867 2505 1002 2542 genus
1030 2497 1072 2532 et
1099 2496 1285 2541 speciem
1312 2496 1393 2533 dici
1419 2506 1502 2532 non
1524 2506 1661 2542 posse,
1684 2497 1794 2542 quod
1817 2497 1857 2532 in
1879 2498 1972 2533 sub-

238 2570 271 2596 35
290 2559 464 2596 alternis
490 2559 641 2596 falsum
669 2569 766 2596 esse
794 2560 988 2596 ostendit.
1041 2559 1271 2602 ,Quocirca,
1298 2560 1441 2606 inquit,
1464 2561 1660 2606 quoniam
1683 2561 1734 2597 de
1757 2570 1808 2597 ea
1829 2562 1972 2606 specie

291 2625 502 2671 qualitatis
530 2624 841 2662 Aristoteles
868 2626 1019 2662 tractat
1046 2635 1155 2671 quae
1183 2636 1267 2662 non
1288 2626 1371 2662 iam
1392 2626 1445 2662 sit
1467 2626 1633 2671 species
1656 2627 1971 2672 specialissima,

291 2691 367 2728 sed
395 2690 527 2736 magis
554 2691 722 2737 generis
750 2691 884 2737 prima
910 2691 1077 2737 species
1105 2693 1146 2728 et
1173 2701 1281 2737 quae
1309 2692 1444 2737 possit
1471 2701 1568 2728 esse
1591 2694 1631 2727 et
1650 2701 1797 2737 genus,
1826 2692 1882 2728 nil
1903 2692 1972 2728 ab·

291 2756 462 2793 surdum
490 2757 555 2792 est
581 2756 761 2792 eandem
788 2758 829 2792 et
856 2756 1016 2802 speciei
1043 2759 1085 2793 et
1111 2757 1279 2803 generis
1312 2757 1404 2793 loco
1442 2762 1625 2802 ponere:
1678 2757 1970 2793 Adhaerentes

290 2819 656 2866 itaqueBoethio
684 2820 824 2857 dicunt
845 2820 1094 2857 divisionem
1116 2821 1327 2865 qualitatis
1349 2830 1423 2866 per
1445 2822 1640 2865 quattuor
1660 2821 1735 2856 has
1759 2821 1969 2857 manerias

434 2962 451 2993 4
482 2960 643 3002 quidem]
673 2969 768 3001 quae
794 2961 823 2994 A
956 2962 975 2993 5
1002 2961 1126 2994 habitu
1149 2987 1156 2993 .
1179 2987 1186 2994 .
1210 2987 1216 2993 .
1239 2961 1483 3002 dispositione
1510 2961 1538 2993 A
1679 2961 1719 2993 12
1748 2959 1820 3001 sill
1847 2961 1913 2993 sed
1941 2961 1969 2993 Α

291 3022 334 3054 36
362 3030 435 3054 non
461 3018 549 3060 iam]
576 3029 649 3052 non
678 3020 831 3059 addidi,·
856 3020 1017 3053 nondum
1044 3021 1173 3053 Boeth.
1275 3022 1318 3053 38
1347 3021 1392 3053 ad
1419 3021 1488 3053 hoc
1515 3021 1615 3053 haer.
1644 3020 1673 3052 A

434 3096 445 3118 ¹
473 3097 624 3130 Boeth.
655 3096 676 3129 l.
705 3106 744 3135 c.,
772 3105 807 3138 p.
836 3097 902 3130 241
920 3097 957 3130 Β.
1103 3097 1118 3118 “-’
1145 3097 1295 3130 Boeth.
1325 3097 1346 3129 l.
1375 3106 1415 3131 c..
1444 3106 1477 3137 p.
1506 3096 1626 3133 2441),
1654 3096 1721 3128 245
1737 3096 1779 3128 Α.

1761 3161 1827 3193 15·

2006 323 2140 358 Boeth.

2006 382 2040 414 p.
2053 371 2164 406 2401)
