2200 3387
182 1635 317 1671 Boeth.

157 1693 193 1727 p.
206 1683 276 1719 275
287 1682 317 1718 Α

348 265 415 299 278
751 268 855 300 l'eter
882 267 1086 301 Abaelards
1114 268 1247 309 Logica
1276 269 1599 310 ‚lugi-odientibus&

347 366 387 399 ut
416 363 591 408 qualitas
623 365 737 407 parta
766 364 803 399 in
835 363 1046 400 nativitate
1076 364 1261 402 subiecti.
1290 365 1394 401 sicut
1423 365 1461 400 in
1499 366 1730 410 passibili
1765 367 2008 412 qualitate

347 431 393 464 et
421 428 684 472 passione¹
715 428 865 464 dictum
894 431 967 469 est,
996 429 1060 465 vel
1086 429 1194 474 quod
1222 429 1329 465 idem
1359 432 1422 465 est
1443 431 1551 475 apud
1580 441 1736 470 omnes.
1764 432 1870 468 sicut
1894 432 2009 468 intel-

346 493 476 528 lectus
506 495 545 529 et
573 502 652 529 res,
681 495 722 528 ut
749 493 924 529 calidum
954 494 1180 530 secundum
1208 494 1286 530 lioc
1314 495 1422 539 quod
1456 495 1565 531 omni
1593 495 1676 541 igni
1703 496 1907 533 convenit.
1962 496 2006 532 Ire

347 558 412 593 Iris·
438 560 592 594 (marm.
645 557 926 594 Continuatio:
966 558 1029 594 Εἰε
1067 559 1190 594 rebus
1220 559 1366 603 quibus
1402 560 1582 596 mediata
1615 561 1820 597 contraria
1847 562 2010 598 natura-

347 623 438 659 liter
465 623 727 660 conveniunt.
763 633 939 660 necesse
975 626 1037 659 est
1071 624 1243 660 alterum
1280 624 1431 660 inesse.
1466 626 1506 660 et
1532 625 1572 660 in
1613 625 1674 662 liis
1714 626 1838 662 rebus
1877 625 2010 662 deter-

346 688 499 724 minate
516 697 637 724 unum
655 688 864 733 contingit.
887 688 981 733 quia
1004 689 1160 724 scillcet
1183 698 1235 724 ex
1263 689 1323 724 rei
1346 691 1493 725 natura
1514 690 1829 727 determinatum
1846 700 2012 736 semper

348 754 421 789 est.
450 753 558 797 quod
587 752 692 788 insit.
720 753 825 789 sicut
852 753 1028 789 calidum
1056 753 1138 799 igni
1167 756 1207 789 et
1235 754 1456 790 candidum
1485 755 1579 794 nivi.
1617 757 1657 791 et
1693 765 1775 791 non
1812 755 2012 802 contingit

347 815 486 851 inesse
516 816 767 852 alterutrum.
805 817 842 852 id
879 818 940 852 est
968 817 1189 862 quodlibet.
1227 817 1301 853 sed
1336 827 1459 853 unum
1498 820 1654 854 tantum
1692 828 1866 863 semper.
1920 819 2011 855 Non

346 881 473 916 enim.
526 880 634 916 Vere
665 881 938 917 determinate
966 892 1090 917 unum
1120 882 1238 918 inest.
1268 882 1375 926 quod
1404 882 1719 919 determinatum
1748 885 1812 920 est
1838 884 2013 920 alterum

346 955 428 981 non
457 945 608 981 inesse.
662 946 695 981 A
723 955 860 982 causa.
915 946 1031 986 Quod
1060 946 1168 982 enim
1196 946 1252 982 ait
1279 947 1534 992 impossibile
1563 957 1658 984 esso
1682 948 1819 984 nivem
1839 948 2010 994 nigram.

346 1009 427 1045 tale
456 1013 536 1046 est:
565 1013 723 1046 certum
752 1014 815 1046 est
843 1020 925 1046 non
954 1021 1059 1047 esse.
1113 1012 1254 1054 Quam·
1287 1012 1407 1047 οηιηι·
1435 1013 1616 1053 quidem.
1670 1012 2012 1058 Quandoquidem

346 1074 443 1110 solis
473 1075 726 1111 naturalibus
755 1076 1088 1120 susceptibilibus
1117 1076 1433 1112 determinatum
1462 1079 1526 1113 est
1553 1087 1605 1113 ex
1634 1079 1780 1114 natura
1807 1078 1866 1115 rei
1888 1087 2012 1114 unum

346 1138 396 1174 de
423 1138 569 1174 mediis
598 1139 815 1175 contrariis
844 1148 1009 1184 semper
1036 1139 1188 1177 inesse.
1218 1149 1345 1184 quare
1382 1150 1462 1176 non
1492 1141 1602 1177 omni
1630 1141 1899 1186 susceptibili.
1951 1142 2012 1177 Ab

346 1202 559 1248 oppositis.
611 1203 691 1239 Sed
710 1203 860 1239 solum.
908 1203 1021 1239 Haec
1046 1206 1109 1240 est
1130 1204 1351 1240 submissio
1374 1204 1580 1241 illationis.
1627 1205 1707 1242 Sed
1733 1205 2011 1250 quaeritur.

345 1268 551 1312 quomodo
579 1268 769 1314 frIgidum
797 1278 879 1304 non
902 1269 954 1305 sit
982 1268 1298 1305 determinatum
1327 1269 1467 1305 Inesse
1489 1279 1634 1314 aquae,
1663 1271 1759 1306 dum
1788 1272 1851 1306 est
1878 1271 1918 1307 in
1947 1280 2008 1311 ea,
2049 1283 2064 1305 r,

345 1330 439 1367 licet
454 1340 535 1367 non
553 1331 604 1367 sit
620 1332 658 1367 ei
673 1332 871 1368 naturale.
925 1332 1084 1377 Quippe
1107 1332 1244 1368 omnia
1259 1333 1497 1378 praesentia
1519 1334 1836 1370 determinatum
1859 1334 2014 1371 habent

347 1398 539 1432 eventum
564 1398 603 1432 et
625 1397 942 1433 determinatum
965 1398 1071 1443 quod
1095 1400 1159 1433 est
1180 1398 1332 1435 inesse.
1356 1398 1429 1434 sed
1452 1408 1533 1434 non
1557 1408 1731 1444 semper,
1760 1400 1802 1435 ut
1824 1399 2012 1442 diximus,

346 1470 482 1506 neque
510 1471 563 1497 ex
590 1464 738 1498 natura
761 1471 909 1498 rerum.
939 1463 1012 1499 sed
1041 1472 1094 1499 ex
1123 1472 1172 1499 eo
1201 1463 1308 1507 quod
1339 1463 1538 1509 contingit
1564 1463 1658 1500 huic
1687 1473 1833 1508 aquae,
1862 1464 2013 1510 quippe

346 1527 494 1562 natura
521 1529 583 1562 est
611 1527 832 1563 similitudo
859 1537 996 1563 rerum
1025 1528 1319 1564 nascentiumz’.
1373 1528 1490 1568 Quod
1514 1538 1612 1574 ergo
1636 1538 1689 1565 ex
1711 1530 1858 1565 natura
1880 1539 2013 1575 aquae

347 1590 560 1637 contingit.
589 1593 751 1637 oportet
778 1601 912 1637 aquae
940 1594 1095 1629 tantum
1125 1593 1360 1629 convenire.

488 1655 537 1691 In
557 1657 802 1701 privatione
825 1667 929 1693 vero.
975 1657 1090 1698 Quae
1113 1658 1304 1702 superius
1326 1658 1557 1704 assignavit
1577 1659 1805 1697 contrariis,
1827 1661 2015 1696 removet

347 1721 508 1766 smgula
534 1731 558 1757 a
586 1722 816 1767 privatione
845 1724 884 1758 et
913 1723 1062 1759 habitu.
1115 1723 1254 1764 Neque
1281 1723 1406 1759 enim.
1461 1724 1566 1759 Vere
1604 1723 1657 1760 nil
1695 1723 2013 1769 praedictorum,

348 1786 443 1830 quia
471 1796 605 1831 neque
633 1786 728 1823 illud
756 1787 865 1832 quod
894 1787 1044 1824 dictum
1073 1790 1135 1824 est
1163 1787 1212 1824 de
1235 1788 1482 1824 immediatis
1506 1789 1723 1825 contrariis
1746 1798 1882 1834 neque
1905 1790 2014 1834 quod

346 1850 497 1887 dictum
526 1853 589 1887 est
617 1852 666 1888 de
694 1852 852 1889 mediis.
903 1852 950 1888 Et
976 1853 1089 1897 prius
1117 1855 1306 1889 removet
1327 1853 1436 1898 quod
1466 1853 1568 1890 dixit
1590 1854 1641 1890 de
1670 1853 1827 1893 mediis.
1856 1854 2016 1891 scilicet

2031 636 2045 658 5

2035 958 2066 983 ll)

2034 1607 2068 1631 ‘2ss

347 1916 454 1961 quod
483 1917 763 1953 necessarium
792 1927 958 1963 semper
984 1918 1158 1954 alterum
1185 1918 1325 1954 inesse
1354 1918 1620 1963 susceptibili.
1648 1919 1743 1955 dum
1764 1919 1899 1964 ipsum
1919 1923 2008 1965 per·
2030 1930 2064 1954 ες»

347 1983 495 2017 manet.
549 1982 670 2025 Quod
695 1983 820 2018 enim.
873 1983 981 2019 Vere
1009 1993 1091 2019 non
1120 1983 1230 2019 omni
1263 1985 1449 2028 tempore
1484 1983 1736 2028 susceptibili
1762 1984 2012 2029 privationis

348 2049 388 2082 ct
414 2046 576 2083 habitus
605 2049 876 2092 permanente
904 2048 1012 2083 inest
1039 2048 1076 2083 ei
1104 2048 1167 2083 vel
1196 2048 1370 2092 privatio
1399 2048 1463 2084 vel
1497 2048 1672 2088 habitus,
1701 2048 1795 2094 quia
1823 2050 2013 2085 neutrum

346 2111 454 2147 inest
481 2113 577 2148 ante
606 2112 923 2148 determinatum
949 2114 1122 2157 tempus.
1175 2112 1208 2148 A
1248 2114 1363 2157 parte
1401 2112 1557 2148 scilicet
1594 2112 1802 2157 temporis.
1855 2113 1902 2149 Et
1935 2113 2013 2150 hoc

349 2178 427 2212 est:
463 2176 584 2220 Quod
610 2177 721 2213 enim
753 2178 942 2213 nondum
980 2178 1101 2213 habet
1138 2179 1224 2225 etc..
1266 2177 1303 2213 id
1347 2179 1407 2213 est
1445 2178 1552 2222 quod
1595 2178 1776 2214 nondum
1814 2178 1927 2214 venit
1962 2178 2014 2214 ad

347 2242 509 2286 tempus
536 2240 763 2277 institutum
791 2250 815 2276 a
842 2242 991 2277 natura
1018 2243 1092 2277 etc.
1148 2241 1336 2286 Ideoque.
1364 2240 1461 2286 quia
1488 2240 1645 2277 scilicet
1672 2251 1755 2277 non
1783 2241 1894 2277 omni
1915 2242 2014 2278 tem-

348 2314 448 2350 pore
476 2305 648 2341 alterum
683 2305 799 2342 inest.
838 2305 994 2342 scilicet
1022 2306 1086 2341 vel
1122 2305 1300 2350 privatio
1328 2305 1391 2341 vel
1432 2305 1607 2341 habitus.
1659 2305 1765 2352 Ergo
1801 2316 1884 2342 non
1920 2308 2016 2343 sunt

349 2370 398 2406 de
420 2380 591 2406 numero
614 2370 954 2407 immediatorum.
1006 2371 1037 2406 Α
1061 2370 1340 2415 descriptione
1363 2371 1662 2407 contrariorum
1684 2371 2014 2408 immediatorum

348 2435 413 2470 vel
439 2434 617 2471 fortasse
645 2445 669 2471 a
702 2436 798 2471 toto.
850 2435 930 2471 Sed
962 2445 1104 2475 neque.
1157 2435 1376 2479 Postquam
1419 2434 1595 2470 removit
1634 2444 1658 2470 a
1700 2435 1933 2479 privatione
1974 2436 2015 2471 et

347 2498 486 2534 habitu
515 2500 701 2534 naturam
730 2498 1059 2534 immediatorum
1088 2498 1400 2537 contrariorum.
1428 2499 1617 2534 removet
1645 2497 1837 2534 mediata.
1879 2497 2014 2534 Conti-

349 2564 505 2598 nuatio:
540 2562 717 2599 Privatio
752 2565 791 2598 et
819 2563 981 2599 habitus
1010 2572 1092 2599 non
1121 2565 1216 2599 sunt
1243 2563 1293 2598 de
1322 2572 1494 2598 numero
1533 2572 1674 2599 eorum
1712 2563 2013 2600 contrariorum

349 2636 520 2671 quorum
558 2626 610 2662 nil
646 2627 709 2662 est
745 2626 934 2663 medium.
974 2627 1046 2662 sed
1086 2636 1222 2671 neque
1256 2627 1307 2662 de
1348 2636 1519 2662 numero
1560 2636 1702 2662 eorum
1742 2636 1913 2672 quorum
1953 2628 2016 2663 est

349 2691 537 2726 medium.
591 2690 707 2730 Quod
730 2690 867 2726 statim
887 2691 1033 2735 probat
1055 2691 1105 2726 ab
1122 2690 1334 2735 oppositis.
1357 2690 1453 2736 quia
1475 2690 1634 2726 scilicet
1653 2690 1694 2726 in
1716 2691 1895 2736 quodam
1917 2691 2016 2726 tem-

349 2765 449 2800 pore
472 2765 634 2791 necessa
643 2756 768 2797 rium,
795 2755 833 2791 id
850 2757 914 2791 est
928 2755 1256 2791 determinatum.
1273 2755 1470 2797 alterum,
1487 2755 1645 2792 scilicet
1658 2756 1726 2792 vel
1741 2755 2014 2801 privationem

348 2821 413 2856 vel
441 2821 635 2857 habitum.
666 2821 796 2857 inesse
820 2821 1092 2865 susceptibili.
1144 2820 1191 2856 Et
1225 2820 1303 2857 hoc
1339 2822 1419 2856 est:
1460 2820 1748 2856 Necessariwn
1787 2820 1902 2857 enim
1938 2820 2013 2856 etc.

490 2956 507 2985 :3
536 2954 585 2991 ut]
613 2955 670 2986 vel
698 2955 727 2985 A
830 2955 867 2986 ll
898 2954 967 2986 Sed
997 2953 1197 2994 quaeritur]
1225 2945 1301 2994 Sqr
1327 2953 1356 2985 A

491 3023 499 3045 ¹
531 3024 681 3056 Boeth.
711 3023 731 3056 l.
761 3034 798 3059 τ’..
830 3033 862 3064 p.
892 3024 958 3056 248
986 3024 1032 3060 D:
1060 3024 1102 3055 rs.
1131 3032 1251 3065 supra
1280 3033 1313 3064 p.
1343 3024 1420 3056 2:36.

490 3083 503 3104 “-’
530 3083 678 3115 Boeth.
708 3083 729 3115 I.
758 3092 796 3117 e..
831 3092 864 3123 p.
895 3083 959 3114 166
987 3082 1034 3114 A:
1076 3085 1143 3120 ‚cst
1180 3083 1272 3114 ratio
1309 3084 1461 3115 naturae
1499 3083 1581 3122 ipsa
1615 3082 1780 3114 nimirum
1818 3081 2014 3114 similitudo

350 3142 599 3174 nascentium.‘
653 3142 703 3173 Cf.
731 3150 852 3181 snpra
879 3150 912 3181 p.
943 3141 1035 3173 571⁰.

2034 2255 2068 2278 :50

2035 2580 2068 2605 35
