2200 3387
304 231 370 265 13ss
705 230 810 262 Peter
838 229 1040 261 Abaelards
1067 229 1201 269 Logica
1229 227 1553 268 ‚ingredientibusz

304 327 524 365 subdividit
553 327 778 362 secundum
808 326 952 361 decem
980 334 1117 361 rerum
1144 326 1314 360 naturas
1342 323 1619 359 subiectarum
1656 323 1801 359 decem
1837 323 1963 358 nomi-

303 393 433 428 nibus.
463 393 512 428 de
540 392 687 436 quibus
721 390 904 426 intendit.
955 389 1002 425 Et
1038 389 1202 434 quidem
1240 389 1345 424 hanc
1382 388 1628 424 divisionem
1663 387 1964 423 convenienter

304 460 400 493 ante
427 456 765 501 praedicamenta
803 454 1036 490 reservavit
1072 454 1264 490 ultimam.
1301 454 1344 488 ut
1378 452 1489 488 facta
1521 451 1864 488 annumeratione
1902 460 1964 487 se-
1987 442 2000 454 '

305 521 482 556 cundum
509 519 838 565 significationes
866 518 1011 554 decem
1038 526 1237 562 generum
1266 526 1372 561 quae
1408 515 1748 561 praedicamenta
1773 515 1964 560 appellat,

305 586 438 621 statim
476 585 567 629 ipsa
601 584 938 629 praedicamenta
967 583 1215 627 disponeret.
1267 581 1309 616 In
1346 581 1422 617 hac
1449 581 1586 616 autem
1611 580 1814 616 divisione
1850 588 2000 624 prae-5

306 651 424 695 cipue
452 650 665 686 utilitatem
694 648 831 693 operis
858 648 999 693 aperit.
1053 647 1129 683 Ubi
1157 647 1265 682 enim
1293 646 1474 682 ostendit
1499 645 1721 689 quamlibet
1742 644 1966 680 dictionem

306 715 599 759 cuiuscumque
627 714 685 750 rei
708 713 1009 758 designativam
1031 713 1101 748 aut
1122 711 1397 747 substantiam
1418 710 1655 755 significare
1677 710 1765 747 etc..
1787 708 1968 745 ostendit

307 781 346 816 in
374 780 436 815 his
463 779 607 815 decem
634 778 868 814 nominibus
896 787 983 813 rem
1005 777 1299 821 cuiuscumque
1322 775 1499 811 nominis
1520 783 1614 810 esse
1636 774 1837 809 inclusam
1858 773 1968 809 ideo—

308 854 386 889 que
415 853 459 880 se
481 843 707 889 aperiendo
730 842 1055 888 significationes
1077 842 1221 876 horum
1244 839 1453 876 nominum
1476 839 1620 875 decem
1641 840 1812 874 naturas
1831 847 1967 874 rerum

308 909 555 954 quibuslibet
581 908 752 944 vocibus
780 907 1057 943 subiectarum
1085 906 1259 950 aperire.
1992 908 2021 932 ω

449 974 590 1010 Nota.
619 973 727 1017 quod
755 973 789 1008 si
815 973 867 1008 ad
895 972 1137 1017 praedicata
1163 970 1365 1015 respicIas
1393 970 1432 1004 in
1460 969 1538 1005 hac
1559 968 1774 1009 divisione,
1802 953 1885 1003 non
1907 968 1971 1003 est

309 1049 383 1085 per
410 1038 617 1084 opposita;
646 1038 762 1082 plura
789 1037 897 1073 enim
926 1037 1020 1072 sunt
1046 1036 1212 1072 nomina
1240 1044 1346 1079 quae
1374 1043 1441 1069 res
1476 1034 1733 1069 diversorum
1761 1032 1971 1077 praedica-

310 1106 539 1140 mentorum
568 1101 812 1147 significant.
865 1101 907 1137 Si
932 1110 1034 1137 vero
1062 1101 1113 1136 ad
1152 1099 1533 1137 determinationes,
1568 1098 1608 1134 in
1636 1098 1784 1143 quibus
1818 1098 1881 1133 est
1907 1097 1970 1133 vis

311 1168 537 1205 divisionis.
571 1167 609 1203 id
639 1168 703 1202 est
736 1167 786 1202 ad
825 1166 1110 1202 substantiam.
1147 1165 1416 1210 quantitatem
1455 1165 1542 1201 etc..
1579 1172 1654 1208 per
1690 1162 1881 1207 opposita
1915 1161 1971 1208 fit,

311 1234 377 1269 Sic
404 1242 567 1278 quoque
595 1233 635 1267 et
670 1231 709 1267 in
738 1231 941 1267 divisione
968 1230 1085 1266 vocis
1118 1229 1328 1274 contingit,
1364 1228 1491 1264 veluti
1528 1237 1619 1263 cum
1654 1227 1817 1263 dicitur:
1855 1227 1970 1263 canis
1994 1235 2024 1259 15

312 1298 517 1343 significat
554 1297 741 1332 latrabile
775 1296 927 1331 animal
963 1296 1038 1331 etc.
1091 1294 1336 1340 Significare
1373 1301 1551 1337 namque
1587 1292 1665 1327 hoc
1701 1293 1742 1327 et
1776 1293 1855 1328 hoc
1890 1301 1972 1328 non

312 1365 406 1399 sunt
442 1362 641 1407 opposita.
675 1361 748 1397 sed
787 1370 856 1396 res
895 1360 1166 1405 significatae.
1220 1358 1325 1398 Quia
1363 1367 1464 1394 vero
1500 1357 1744 1402 praedicata
1783 1356 1976 1401 opposita

312 1438 395 1464 non
422 1429 527 1466 sunt.
561 1426 725 1471 proprie
754 1425 967 1461 divisionis
1002 1425 1133 1460 verba
1168 1433 1252 1459 non
1287 1422 1412 1468 ponit.
1450 1422 1526 1458 sed
1563 1421 1842 1467 categoricam
1877 1420 1976 1457 facit

313 1494 533 1529 habentem
562 1490 851 1527 disiunctivam
886 1488 1276 1525 determinationem
1315 1488 1474 1524 dicens:
1511 1496 1633 1523 omne
1670 1486 1974 1531 incomplexum

314 1558 519 1603 significat
545 1557 610 1592 vel
639 1555 912 1591 substantiam
940 1555 1014 1590 etc.
1065 1554 1122 1589 Ibi
1156 1553 1264 1589 enim
1300 1554 1406 1588 bene
1441 1551 1660 1588 disiunctio
1696 1551 1871 1595 ponitur,
1908 1550 1977 1586 ubi
1997 1557 2031 1582 20

315 1624 378 1659 est
404 1623 467 1658 vis
495 1621 767 1666 oppositionis
796 1622 836 1656 et
863 1619 1089 1655 divisionis.

457 1685 726 1726 Quaeritur
759 1686 899 1720 autem
935 1684 985 1720 de
1022 1683 1355 1728 incomplexis
1396 1681 1799 1717 non-existentia
1826 1680 1977 1725 signi-

314 1751 606 1792 ficantibus,
635 1752 677 1786 ut
704 1750 924 1786 chimaera.
951 1749 1230 1787 hircocervus.
1257 1748 1391 1783 utrum
1418 1746 1459 1782 in
1486 1747 1563 1782 hac
1585 1745 1787 1782 divisione
1815 1745 1976 1781 cadant.

314 1817 361 1853 Et
389 1818 492 1855 sunt.
521 1816 589 1861 qui
621 1816 700 1851 hoc
726 1815 863 1852 velint,
902 1814 969 1858 qui
996 1813 1161 1858 quidem
1189 1812 1463 1848 substantiam
1496 1812 1580 1847 tam
1612 1811 1653 1846 in
1690 1810 1977 1856 designatione

315 1892 442 1917 verae
475 1890 597 1926 quam
633 1880 756 1916 fictae
793 1879 1051 1915 substantiae
1089 1878 1228 1913 dicunt
1263 1877 1328 1912 hic
1364 1876 1506 1921 accipi.
1559 1875 1640 1912 Sed
1675 1875 1756 1911 iam
1791 1875 1977 1920 profecto
1998 1886 2032 1911 25

317 1957 398 1983 non
415 1946 491 1982 erit
507 1945 739 1981 substantia
756 1953 907 1980 nomen
923 1943 1291 1989 generalissimum,
1320 1951 1411 1978 cum
1434 1941 1612 1977 excedat
1632 1940 1978 1986 significationem

318 2011 435 2048 entis.
463 2011 527 2047 cui
548 2009 687 2046 omnia
708 2008 1025 2055 generalissima
1043 2007 1334 2043 universaliter
1356 2005 1533 2051 supponi
1554 2005 1735 2041 omnium
1756 2003 1979 2040 auctoritas

317 2077 455 2117 voluit,
476 2076 585 2111 unde
607 2074 730 2110 etiam
751 2083 826 2109 ens
847 2082 978 2118 genus
1001 2072 1182 2108 omnium
1202 2071 1430 2107 videbatur.
1481 2070 1676 2106 Dicamus
1697 2069 1848 2113 itaque,
1870 2068 1978 2113 quod

318 2151 409 2177 cum
437 2141 509 2176 ait:
538 2149 691 2181 ‚eorum
719 2148 825 2183 quae
853 2138 1063 2177 dicuntur‘,
1092 2137 1131 2172 id
1158 2138 1223 2172 est
1249 2145 1407 2173 vocum.
1443 2144 1550 2180 quae
1577 2135 1630 2170 ad
1661 2133 1912 2178 loquendum
1940 2134 1981 2169 et

319 2205 629 2251 significandum
659 2213 745 2240 rem
772 2203 951 2248 aliquam
977 2202 1190 2238 institutae
1218 2202 1322 2241 sunt,
1361 2200 1461 2241 ‚dici
1496 2199 1637 2235 stricte
1664 2198 1836 2243 accepit,
1874 2197 1980 2234 sicut
1999 2208 2033 2232 30

181 2475 203 2506 s.
231 2475 298 2506 190·

321 2271 443 2306 etiam
470 2269 705 2315 significare
733 2268 981 2313 quandoque
1009 2266 1188 2302 sumitur.
1241 2265 1341 2301 Cum
1370 2265 1480 2301 enim
1513 2263 1749 2310 significare
1783 2263 1835 2298 sit
1866 2262 1982 2298 intel-

319 2336 468 2372 lectum
496 2334 756 2373 constituere.
791 2333 1022 2368 intellectus
1050 2333 1188 2367 autem
1221 2330 1343 2366 modo
1375 2330 1490 2375 large
1528 2329 1723 2369 sumatur,
1759 2337 1833 2372 pro
1872 2327 1983 2362 omni

321 2400 477 2436 scilicet
504 2398 775 2443 conceptione
803 2397 938 2434 animi.
972 2395 1199 2432 secundum
1235 2395 1344 2440 quod
1379 2394 1525 2430 dicitur
1560 2393 1664 2429 alius
1702 2401 1838 2433 verus,
1875 2391 1981 2428 alius

324 2465 462 2503 falsus.
490 2464 611 2499 modo
640 2463 780 2499 stricte
807 2472 881 2507 pro
909 2461 1023 2497 sanis
1044 2460 1236 2496 videlicet
1256 2461 1413 2495 tantum
1437 2458 1441 2504 l
1465 2457 1817 2503 conceptionibus,
1838 2465 1983 2492 secun-

323 2530 416 2566 dum
438 2529 546 2574 quod
563 2537 707 2564 omnes
728 2527 961 2563 intellectus
983 2525 1152 2562 eosdem
1168 2525 1277 2569 apud
1298 2533 1442 2560 omnes
1466 2523 1638 2559 dicimus
1659 2523 1699 2558 et
1718 2521 1981 2557 Boethiusl
2001 2530 2035 2554 35

323 2594 420 2630 dicit
446 2593 555 2629 illum
584 2602 665 2628 non
692 2591 949 2628 intellexisse
977 2590 1046 2635 qui
1074 2589 1286 2634 decipitur,
1321 2589 1380 2624 sic
1407 2588 1531 2624 etiam
1558 2586 1784 2632 significari
1809 2586 1876 2621 vel
1903 2585 1982 2621 dici

325 2658 551 2695 secundum
590 2657 856 2701 acceptiones
896 2655 1129 2691 intellectus
1166 2654 1279 2699 large
1317 2654 1357 2689 et
1393 2652 1534 2688 stricte
1570 2652 1707 2696 potest
1742 2650 1884 2695 accipi.
1942 2648 1985 2685 Si

325 2725 461 2759 autem
488 2722 553 2758 hic
580 2724 620 2758 et
647 2722 686 2757 in
709 2720 912 2766 superiori
933 2719 1137 2755 divisione
1159 2718 1300 2754 stricte
1322 2717 1435 2759 ‚dici‘‚
1462 2716 1502 2752 id
1524 2718 1587 2752 est
1613 2715 1860 2761 significare,
1881 2713 1985 2750 acci-

325 2788 469 2833 pimus.
507 2788 703 2831 quantum
738 2786 895 2821 scilicet
921 2785 973 2821 ad
1001 2793 1147 2820 sanam
1174 2782 1500 2827 conceptionem.
1527 2790 1611 2816 non
1639 2780 1691 2816 ad
1716 2788 1869 2815 vanam
1901 2777 1984 2823 opi-

325 2853 502 2893 nionem,
524 2851 708 2887 dicemus
728 2851 794 2886 hic
812 2850 922 2885 nullo
944 2849 1065 2885 modo
1088 2848 1338 2884 chimaeram
1358 2845 1571 2886 contineri,
1593 2845 1701 2889 quod
1717 2853 1799 2880 non
1820 2842 1984 2888 proprie
2004 2851 2039 2876 40

326 2917 576 2952 intellectum
598 2915 819 2955 constituit,
841 2914 915 2950 sed
937 2913 1185 2959 opinionem.
1238 2912 1355 2947 Unde
1376 2910 1617 2946 Boethius
1638 2909 1679 2944 in
1700 2907 1982 2944 Commento

471 3040 488 3070 5
516 3038 711 3078 disponent
737 3036 765 3069 A
891 3036 931 3067 14
960 3035 1004 3067 ab
1032 3034 1238 3066 substantia
1263 3032 1292 3064 Α

471 3102 479 3123 ¹
509 3102 669 3139 Boeth.‚
698 3101 740 3133 In
771 3100 852 3132 libr.
880 3099 992 3131 Arist.
1022 3095 1118 3139 Περὶ
1145 3098 1224 3139 ἑρμ.
1253 3097 1275 3129 l.
1303 3106 1330 3129 c.
1358 3098 1380 3128 t.
1407 3096 1446 3134 ll,
1474 3104 1507 3135 p.
1537 3095 1577 3126 41
1593 3092 1633 3126 ²⁰.
