2200 3387
421 240 450 273 1.
479 240 544 273 Die
572 240 729 276 Glossen
758 250 801 274 zu
829 241 898 275 den
927 242 1164 282 Katcgorlcn.
1191 260 1237 264 —
1264 243 1316 275 De
1345 243 1443 284 quali
1472 245 1507 276 ct
1535 244 1721 284 qualitate.
1876 242 1944 278 247

263 336 463 373 visibilis?
514 338 739 377 Praeterea
771 340 806 376 si
841 339 892 376 ad
928 339 1253 385 magnitudinem
1289 340 1462 377 subiecti
1501 341 1785 386 respiciamus,
1814 351 1943 387 quare

263 411 346 438 non
374 403 560 440 dicemus
589 414 738 450 equum
768 404 900 450 magis
929 413 1025 439 esse
1053 404 1190 439 album
1220 405 1454 449 margarita,
1483 405 1589 441 sicut
1610 406 1782 442 dicimus
1809 406 1944 452 ipsum

264 475 361 503 esse
377 469 510 514 magis
527 469 663 505 album
681 478 803 514 quam
824 467 1103 513 margaritam,
1127 468 1131 512 Ι
1156 469 1226 504 aut
1247 468 1325 504 hoc
1348 478 1499 513 corpus
1522 469 1653 514 magis
1675 479 1772 506 esse
1795 480 1944 516 corpus
1973 471 1995 504 r.
2024 472 2096 504 341)

264 531 343 571 illo,
371 533 477 569 sicut
504 534 678 570 dicimus
712 543 807 570 esse
845 533 977 569 maius
1015 543 1178 578 corpus,
1216 534 1287 569 aut
1323 543 1415 569 cum
1453 534 1626 570 dicimus
1664 534 1771 571 istud
1811 536 1943 581 magis

227 605 243 630 ⁵
265 606 362 635 esse
389 608 562 644 parvum
592 600 657 636 vel
686 600 815 636 breve
843 599 909 635 vel
943 600 1068 634 tenue
1096 608 1221 644 quam
1257 598 1379 640 aliud,
1417 598 1457 635 in
1498 609 1580 644 quo
1614 599 1703 636 eius
1743 601 1943 647 magnitu-

263 663 401 700 dinem
430 664 482 700 ad
509 665 619 701 aliud
647 663 931 710 accipiemus?
958 664 1045 699 Non
1075 664 1215 709 itaque
1243 664 1470 700 secundum
1500 665 1773 710 quantitatem
1801 666 1944 703 funda-

262 730 495 766 mentorum
523 731 655 776 magis
683 732 721 767 et
748 730 883 766 minus
910 729 951 765 in
985 729 1299 774 comparatione
1327 730 1522 766 videntur
1553 731 1696 776 accipi.
1749 731 1943 769 Fortasse

263 795 492 832 secundum
520 796 762 841 qualitatem
788 795 1026 836 formarum.
1055 795 1153 840 quia
1186 795 1336 832 albedo
1365 796 1484 832 huius
1517 796 1694 832 subiecti
1721 797 1854 833 maior
1880 800 1945 834 est

263 860 533 905 spissitudine
561 871 683 906 quam
712 861 831 902 illius,
860 861 900 897 in
930 870 981 897 eo
1011 860 1170 897 scilicet
1198 861 1308 906 quod
1336 863 1478 906 partes
1501 861 1579 897 sibi
1601 861 1783 898 insertas
1807 862 1943 900 habet.

210 932 242 958 10
262 925 380 962 Unde
408 926 486 963 hoc
513 926 745 963 subiectum
773 927 1004 963 secundum
1038 926 1368 972 magnitudinem
1396 927 1607 973 qualitatis
1642 928 1773 974 magis
1807 928 1944 965 album

262 990 330 1027 illo
363 990 521 1027 dicitur.
573 990 655 1028 Sed
689 991 866 1028 dIcetur:
905 1001 997 1028 cum
1038 991 1166 1036 ipsius
1206 991 1418 1028 essentiae
1456 992 1662 1028 albedinis
1702 993 1943 1039 magnitudo

261 1054 530 1101 significetur,
565 1065 637 1092 cur
669 1065 753 1092 non
780 1055 872 1101 ipsa
898 1055 1048 1092 albedo
1086 1055 1127 1091 in
1165 1055 1352 1092 essentia
1391 1056 1524 1102 magis
1566 1056 1715 1093 albedo
1757 1056 1944 1094 dicatur‘?

260 1120 342 1157 Aut
369 1120 465 1166 quid
486 1120 527 1157 in
548 1120 700 1157 ceteris
721 1121 1104 1166 comparationibus
1127 1121 1324 1162 dicemus,
1352 1121 1421 1157 ubi
1443 1131 1521 1158 nec
1541 1121 1768 1158 formarum
1791 1123 1945 1169 magni-

261 1186 359 1222 tudo
387 1187 524 1232 potest
550 1185 714 1223 notari?
765 1186 997 1232 Numquam
1025 1187 1135 1223 enim
1163 1187 1332 1223 abscisa
1359 1188 1476 1232 parte
1504 1187 1690 1228 alicuius,
1726 1197 1820 1224 cum
1846 1188 1944 1225 illud

208 1259 241 1285 15
261 1252 394 1298 magis
421 1253 551 1290 breve
578 1253 645 1289 vel
681 1252 815 1299 magis
852 1262 1027 1298 parvum
1065 1252 1222 1294 dicitur,
1260 1253 1392 1289 crevit
1428 1253 1613 1290 brevitas
1641 1254 1708 1290 vel
1744 1254 1943 1299 parvitas.

262 1316 382 1359 Quod
410 1318 444 1354 si
471 1319 662 1360 creverit,
691 1318 978 1364 quaerendum
1006 1319 1079 1359 est,
1108 1318 1295 1363 qualiter.
1348 1317 1574 1359 Quatuor
1600 1320 1760 1355 tantum
1786 1319 1944 1356 modis

261 1383 487 1429 augmenta
514 1383 758 1429 contingere
786 1383 991 1424 videntur,
1020 1392 1111 1419 cum
1139 1382 1334 1419 videlicet
1361 1392 1430 1419 res
1458 1384 1529 1419 aut
1555 1383 1597 1419 in
1624 1383 1793 1430 longum
1815 1384 1945 1430 porri-

261 1448 370 1495 gitur
395 1448 534 1485 autin
566 1449 692 1485 latum
726 1450 797 1485 aut
835 1448 876 1485 in
914 1448 1097 1494 spissum
1133 1450 1204 1485 aut
1239 1449 1469 1485 secundum
1508 1459 1726 1485 numerum
1765 1450 1944 1495 partium

260 1513 564 1559 multiplicatur,
598 1515 641 1550 ut
674 1514 709 1550 si
742 1514 873 1550 tribus
908 1514 1115 1560 lapidibus
1149 1516 1322 1560 quartus
1362 1514 1550 1551 addatur.
1602 1514 1796 1551 Brevitas
1836 1525 1944 1561 quae

206 1588 338 1625 2oper
363 1579 644 1616 abscisionem
671 1579 776 1622 (fit),
809 1588 946 1625 neque
980 1579 1021 1616 in
1054 1579 1224 1626 longum
1257 1580 1389 1616 crevit
1421 1589 1558 1626 neque
1594 1580 1637 1617 in
1673 1581 1812 1622 latum,
1849 1581 1946 1626 quia

262 1644 352 1681 eius
380 1645 590 1691 quantitas
618 1645 725 1681 ultra
747 1645 1021 1691 quantitatem
1043 1645 1221 1682 subiecti
1240 1645 1410 1682 extendi
1432 1655 1515 1682 non
1535 1647 1682 1691 potest,
1711 1646 1945 1683 subiectum

261 1719 363 1746 vero
390 1719 466 1755 per
492 1709 774 1747 abscisionem
801 1719 938 1755 neque
966 1710 1131 1756 longius
1161 1710 1315 1747 factum
1349 1712 1413 1747 est
1445 1720 1583 1756 neque
1604 1711 1728 1748 latius
1738 1719 1746 1754 ;
1775 1711 1944 1748 densari

262 1784 428 1821 quoque
455 1785 528 1821 per
554 1776 836 1813 abscisionem
864 1775 1041 1812 subiecti
1068 1776 1135 1812 vel
1172 1776 1313 1821 plures
1349 1776 1540 1821 recipere
1576 1778 1719 1822 partes
1756 1777 1944 1814 brevitas

261 1841 372 1877 nullo
400 1841 524 1878 modo
554 1841 729 1878 videtur.
782 1841 901 1882 Quod
928 1841 962 1877 si
988 1841 1040 1878 ad
1060 1841 1338 1886 pluralitatem
1360 1842 1539 1887 partium
1559 1842 1844 1888 respiciamus
1872 1852 1945 1879 cur

187 1916 242 1952 125
261 1916 345 1943 non
372 1906 438 1943 hic
459 1916 591 1952 equus
608 1907 741 1943 albius
763 1907 925 1943 dicatur
945 1907 1023 1943 hac
1042 1916 1174 1952 parva
1193 1907 1430 1953 margarita,
1452 1907 1562 1953 quod
1584 1908 1780 1945 videlicet
1800 1909 1942 1954 plures

261 1973 402 2018 partes
430 1972 635 2009 albedinis
667 1972 804 2013 habet,
838 1974 909 2009 aut
942 1972 1008 2009 hic
1036 1982 1212 2019 magnus
1246 1972 1353 2019 ignis
1387 1972 1562 2009 calidior
1597 1972 1666 2010 illo
1705 1983 1836 2019 parvo
1873 1975 1944 2010 aut

260 2038 340 2075 hoc
366 2047 518 2084 corpus
545 2038 679 2085 magis
706 2038 917 2084 quantitas
944 2037 1041 2074 illo‘?
1092 2038 1317 2075 Praeterea
1351 2048 1443 2075 cum
1475 2039 1582 2076 haec
1619 2039 1759 2076 anima
1794 2039 1943 2076 iustior

260 2103 330 2140 illa
356 2103 517 2140 dicatur
536 2104 603 2140 vel
625 2103 935 2150 grammaticior
955 2105 997 2140 et
1017 2105 1194 2150 utraque
1217 2103 1269 2140 sit
1292 2104 1566 2146 indivisibilis,
1591 2104 1632 2141 in
1655 2114 1735 2150 quo
1757 2104 1943 2142 dicemus

261 2169 502 2216 qualitatem
528 2169 650 2206 huius
677 2169 879 2206 maiorem
907 2178 1003 2206 esse
1031 2169 1125 2206 illa?

206 2250 242 2278 ω
380 2233 453 2270 His
468 2233 608 2280 itaque
620 2233 849 2271 rationibus
865 2234 1055 2280 impediri
1070 2234 1270 2276 videmur,
1291 2243 1343 2271 ne
1359 2235 1715 2280 comparationem
1731 2235 1943 2272 nominum

262 2299 437 2336 definire
464 2299 674 2344 possimus
695 2299 923 2336 secundum
945 2300 1221 2345 quantitatem
1243 2299 1571 2346 significatarum
1591 2310 1742 2342 rerum,
1765 2300 1841 2337 sed
1864 2300 1944 2337 for-

262 2366 377 2401 tasse
393 2364 620 2401 secundum
635 2364 938 2410 <impositionis
953 2365 1158 2407 nominis>
1167 2365 1479 2411 proprietatem,
1496 2375 1603 2410 quae
1619 2366 1672 2402 ad
1687 2366 1943 2403 intellectum

262 2430 472 2476 quendam
500 2430 775 2466 accomodata
801 2432 876 2472 est,
913 2431 957 2466 ut
984 2430 1145 2467 dicatur
1172 2431 1405 2467 subiectum
1437 2431 1643 2467 albedinis
1676 2431 1821 2478 magis,
1859 2440 1942 2468 non

263 2495 412 2532 albedo
449 2495 581 2541 magis
615 2495 776 2532 albedo.
828 2495 914 2532 Etsi
954 2496 1063 2532 enim
1102 2496 1143 2533 in
1183 2497 1498 2542 comparatione
1539 2497 1621 2533 albi
1658 2497 1940 2534 intensionem

207 2577 241 2603 35
263 2561 465 2598 albedinis
493 2561 722 2597 secundum
750 2561 1065 2607 spissitudinem
1092 2572 1316 2608 possumus
1344 2563 1548 2608 accipere,
1584 2572 1667 2599 non
1697 2563 1735 2599 id
1762 2562 1941 2599 fortasse

262 2626 414 2672 ubique
441 2635 613 2663 servare
640 2636 871 2672 possemus,
909 2627 1007 2673 quia
1033 2637 1125 2664 cum
1153 2628 1285 2674 magis
1311 2629 1441 2665 breve
1469 2628 1535 2664 vel
1563 2628 1695 2674 magis
1722 2630 1848 2665 tenue
1876 2628 1943 2664 vel

263 2692 395 2738 magis
423 2701 598 2737 parvum
624 2692 703 2728 hoc
730 2701 853 2737 quam
881 2692 978 2729 illud
1012 2693 1199 2733 dicimus,
1237 2694 1371 2730 nullas
1400 2693 1643 2739 qualitatum
1681 2693 1942 2730 intensiones

262 2766 487 2804 possumus
521 2757 751 2802 percipere,
788 2758 840 2793 ab
877 2757 1088 2794 intellectu
1125 2759 1266 2794 tamen
1303 2768 1427 2804 quem
1465 2759 1532 2795 ille
1568 2759 1722 2799 habuit,
1757 2758 1826 2804 qui
1862 2758 1941 2795 hoc

263 2823 370 2864 dicit,
398 2822 504 2859 ratio
532 2831 615 2858 non
644 2822 795 2863 deviat,
824 2823 921 2868 quia
947 2833 1039 2859 cum
1067 2823 1258 2859 audimus
1287 2823 1367 2860 dici
1395 2824 1528 2869 magis
1555 2833 1729 2869 parvum
1752 2823 1831 2864 illo,
1860 2823 1941 2860 duo

209 2902 245 2929 40
263 2897 396 2934 parva
421 2888 541 2924 simul
568 2887 707 2924 animo
735 2888 988 2924 conferimus
1017 2890 1057 2925 et
1083 2889 1162 2925 hoc
1189 2888 1230 2925 in
1252 2889 1483 2934 quantitate
1511 2898 1614 2925 suae
1640 2889 1853 2925 essentiae
1880 2898 1943 2925 re-

262 2953 431 2990 missius
458 2962 555 2990 esse
583 2953 849 2999 intelligimus
877 2963 1000 2999 quam
1028 2953 1125 2990 illud
1162 2955 1203 2990 et
1230 2953 1340 3000 quod
1375 2953 1529 3000 ,magis‘
1568 2954 1812 2991 adverbium
1849 2963 1942 2990 cum

408 3075 447 3107 11
476 3074 690 3116 magnitudo
722 3072 967 3116 significetur]
1001 3075 1185 3116 signitudo
1215 3075 1245 3108 A
1345 3075 1388 3108 32
1417 3075 1662 3116 impositionis
1690 3075 1847 3108 nominis
1874 3075 1941 3108 ad-

263 3133 345 3166 didi
379 3133 588 3167 secundum
615 3142 648 3174 p.
677 3131 787 3173 2482;
816 3132 960 3166 lacuna
986 3133 1026 3166 in
1052 3133 1083 3166 A
1201 3134 1242 3166 41
1273 3131 1385 3175 quod]
1414 3142 1523 3175 quam
1548 3133 1590 3166 A.
