2200 3387
483 206 512 236 2.
544 204 605 236 liu·
633 204 788 235 tilossen
818 213 860 235 zu
890 204 958 235 (len
991 203 1224 242 unu-gurion.
1288 221 1292 222 ν
1328 204 1377 234 llo
1406 204 1621 243 quantitate.
1834 202 1890 234 illl

223 301 261 336 Si
288 301 379 346 quis
402 301 508 337 enim
536 302 613 337 vim
640 300 884 336 minoritatis
901 310 1022 344 quam
1046 300 1366 343 assignavimus.
1389 301 1586 336 attondat.
1612 301 1647 335 in
1667 312 1717 334 vo
1741 300 1898 335 scilicet

222 366 330 411 quod
356 369 495 411 partes
521 367 596 402 loci
619 366 804 401 ambiunt
821 365 1128 410 quodammodo
1157 365 1380 409 particulas
1403 366 1794 401 ‹eireuinscribi-mlo.
1819 376 1896 400 nou

225 431 260 466 id
292 432 475 476 partibus
505 431 661 467 numeri
692 431 841 476 poterit
863 430 1007 475 aptari.
1060 431 1099 465 Si
1124 430 1214 474 quis
1237 434 1372 465 auti-m
1398 434 1583 474 quaerut.
1607 440 1735 474 ‹quari-
1761 434 1899 475 partes

226 497 382 533 numeri
413 506 492 532 uon
515 497 820 532 continuentur.
844 496 1010 540 quando
1034 495 1070 530 in
1094 495 1290 531 continuo
1318 498 1413 530 sunt
1436 495 1634 530 subiecto.
1665 496 1898 531 alm-tornati

188 573 203 596 ,π
225 562 358 600 cedat.
386 571 492 607 quae.
516 545 574 597 rei
597 563 784 596 naturam
810 561 1092 605 perspicacius
1116 561 1410 596 consideravit.
1433 570 1553 604 quam
1578 571 1652 596 nos
1678 562 1899 595 valeamus.

225 627 302 667 Qui
330 628 513 663 fortasse
543 626 724 662 unitates
754 635 833 662 non
871 626 1053 670 ponebat
1092 626 1166 661 nisi
1204 625 1240 660 in
1282 626 1405 661 rebus
1444 626 1704 669 disgregatis.
1741 626 1776 661 iu
1817 629 1902 661 toto

226 691 385 728 scilicet
427 691 592 727 bomine
633 701 768 728 unam.
804 701 884 726 non
929 691 965 726 in
1009 691 1180 734 singulis
1222 691 1406 735 partibus
1453 691 1553 726 eius.
1598 691 1670 726 nisi
1710 694 1749 726 et
1787 692 1902 735 ipsae

226 757 574 802 ‹lisgregarentun

369 821 568 866 :implius
603 823 758 856 (tutem.
813 820 906 856 Post
932 820 1178 856 divisionem
1209 820 1451 865 quantitatis
1481 830 1552 864 per
1584 821 1821 856 continuum
1862 823 1901 856 te

177 892 207 916 ¹⁰
228 887 509 933 disgregatum
532 896 654 932 quam
678 885 964 931 praemiserat.
988 887 1138 921 tractat
1159 885 1279 921 aliam
1305 895 1411 930 quac
1435 886 1627 921 videlicet
1651 886 1764 930 pouit
1786 896 1905 930 quas-

227 953 320 988 (lam
357 951 583 988 earundem
615 951 887 996 quantitatum
928 961 1031 996 quas
1070 951 1349 996 supraposuit.
1388 951 1542 986 babere
1580 951 1827 996 positionem
1867 952 1903 986 in

228 1017 413 1063 partibus
442 1017 540 1054 suis.
569 1017 772 1062 quasdam
802 1026 894 1052 nou.
948 1016 1041 1052 Tria
1077 1018 1215 1052 autem
1256 1017 1497 1052 necessaria
1536 1019 1643 1056 sunt,
1679 1019 1720 1052 ut
1758 1016 1905 1061 positio

230 1082 403 1128 partium
427 1082 642 1118 consistat.
659 1084 701 1118 ut
717 1082 911 1118 videlicet
933 1084 1074 1126 partes
1090 1082 1194 1117 sitae
1209 1082 1290 1117 sint
1305 1082 1465 1119 alicubi.
1487 1082 1563 1117 lioc
1576 1085 1640 1117 est
1659 1082 1696 1117 In
1711 1083 1906 1117 continuo

229 1148 429 1186 subiecto.
459 1150 499 1184 et
527 1149 801 1193 permaneant
830 1148 870 1183 et
898 1147 1156 1192 copulentur.
1210 1147 1250 1182 Si
1286 1157 1386 1182 vero
1421 1147 1573 1191 aliquid
1609 1148 1751 1183 horum
1787 1148 1905 1183 trium

179 1222 210 1246 π·
231 1214 420 1250 defuerit.
461 1223 543 1250 non
582 1214 647 1250 est
686 1213 836 1258 positio
877 1213 1063 1258 partium.
1123 1212 1225 1248 Sunt
1265 1215 1400 1248 autem
1445 1215 1622 1258 quatuor
1661 1213 1710 1249 de
1748 1216 1906 1258 septem

229 1279 456 1325 suppositis
473 1278 771 1323 quantitatibus
794 1278 1046 1323 positionem
1070 1279 1286 1314 babentes.
1321 1288 1466 1313 omnes
1501 1278 1658 1314 scilicet
1685 1278 1908 1314 continuae

232 1346 400 1390 praeter
436 1347 612 1390 tempus.
649 1346 734 1379 tres
773 1353 872 1380 vero
911 1353 992 1379 non
1024 1344 1238 1380 habentes.
1272 1344 1379 1379 duae
1408 1353 1515 1388 quae
1545 1344 1752 1379 discretae
1781 1347 1908 1380 erant.

232 1419 429 1447 numerus
458 1410 617 1445 scilicet
645 1412 685 1445 et
713 1409 857 1445 oratio.
897 1411 937 1444 et
965 1418 1047 1444 una
1074 1409 1281 1445 continua.
1318 1411 1481 1453 tempus
1510 1409 1715 1445 videlicet.
1768 1409 1814 1444 Et
1843 1412 1910 1445 at-

232 1475 399 1513 tende.
428 1475 537 1521 quod
561 1474 762 1510 orationis
786 1476 927 1518 partes
951 1474 1079 1510 tribus
1103 1474 1270 1510 omnino
1294 1477 1439 1510 carent
1458 1484 1564 1519 quae
1588 1474 1639 1510 ad
1662 1476 1908 1519 positionem

177 1554 211 1578 ρο
232 1541 498 1577 conveiiiunt.
552 1540 713 1585 Quippe
742 1549 820 1576 nec
849 1539 888 1575 in
912 1539 1110 1575 continuo
1133 1542 1227 1575 sunt
1249 1540 1448 1576 subiecto.
1471 1540 1567 1584 quia
1589 1540 1796 1576 discretae
1818 1544 1912 1576 sunt

233 1606 460 1651 particulae
489 1605 612 1642 aeris.
643 1614 778 1649 neque
806 1607 1055 1650 permanent
1085 1614 1222 1650 neque
1258 1605 1564 1641 continuantur.
1617 1606 1782 1641 Numeri
1812 1616 1910 1641 vero

234 1674 376 1717 partes
399 1671 729 1716 permanentiam
754 1670 920 1707 habent.
943 1680 1026 1706 non
1047 1670 1401 1706 continuationem
1426 1671 1624 1716 temporis
1647 1682 1668 1706 e
1692 1671 1911 1707 contrario.

234 1737 301 1773 Sic
330 1737 473 1782 iunge:
508 1736 579 1781 Egi
615 1736 665 1772 de
695 1736 995 1780 quantitatibus
1031 1736 1294 1771 ostendendo
1335 1736 1504 1773 scilicetv
1546 1746 1652 1780 quae
1690 1737 1912 1772 continuae

234 1804 338 1841 sunt.
356 1811 465 1847 quae
482 1802 700 1838 discretae.
730 1801 916 1846 Amplius
930 1801 980 1837 de
997 1801 1154 1836 eisdem
1169 1803 1367 1837 monstro.
1385 1801 1493 1845 quod
1510 1802 1616 1837 aliae
1632 1804 1825 1837 constant
1838 1804 1913 1837 etc.

181 1879 214 1903 25.
238 1868 276 1904 ln
309 1868 475 1905 ,babere
504 1867 754 1912 positionem
785 1866 835 1902 ad
865 1866 1053 1902 invicem·
1083 1867 1151 1902 illa
1189 1867 1265 1902 tria
1305 1867 1448 1911 accipe
1490 1876 1596 1911 quae
1638 1867 1913 1902 distinximus.

235 1933 465 1976 Sinyulum
498 1942 693 1976 uanique.
748 1932 857 1968 Vere
887 1934 1027 1976 partes
1057 1932 1191 1968 lineae
1222 1932 1374 1967 liabent
1403 1932 1664 1977 positIOnem.
1693 1933 1786 1976 quia
1809 1932 1914 1967 sitae

235 2001 330 2034 sunt
365 1998 515 2034 alicubi
551 2000 591 2034 et
631 1999 879 2042 permanent
919 1999 960 2033 et
997 1997 1302 2033 continuantur.
1364 1998 1395 2032 Α
1437 1997 1718 2042 descriptione
1759 1997 1915 2033 scilicet

236 2064 390 2100 habere
433 2063 694 2108 positionem.
748 2063 829 2099 Sed
867 2063 963 2108 quia
1005 2065 1289 2107 permaneant.
1330 2063 1540 2108 praeterit.
1581 2063 1676 2107 quia
1717 2066 1915 2098 constans

238 2131 343 2170 erat;
373 2129 438 2165 vel
467 2130 603 2173 potest
630 2128 754 2165 innui.
785 2128 851 2163 ubi
874 2128 971 2163 (licit
1000 2137 1076 2163 nos
1112 2128 1279 2164 babere.
1308 2128 1418 2164 unde
1440 2137 1652 2164 sumamus
1675 2129 1763 2164 hoc.
1792 2129 1829 2164 id
1853 2131 1916 2164 est

184 2210 218 2231 :w
239 2195 515 2239 intelligamus
544 2196 584 2230 et
611 2194 876 2239 assignemus
905 2194 1008 2229 aliis.
1061 2193 1278 2233 Quomodo
1308 2193 1415 2229 enim
1452 2195 1558 2229 bene
1593 2194 1917 2240 assignaremus.

239 2260 305 2295 ubi
345 2259 467 2295 situm
509 2261 573 2294 est
613 2258 947 2303 unumquodque.
990 2258 1068 2293 nisi
1108 2258 1226 2294 simul
1264 2260 1513 2303 permanent
1551 2258 1590 2293 in
1633 2258 1756 2303 plano
1797 2260 1837 2294 et
1878 2259 1915 2293 in

239 2323 491 2369 superficie?
538 2324 733 2360 Similiter
754 2323 998 2368 exsequitur
1019 2323 1269 2368 positionem
1299 2323 1475 2367 partium
1498 2325 1730 2359 ceterarum
1760 2324 1917 2368 quanti-

241 2390 381 2429 tatum,
409 2387 646 2432 superi'iciei
674 2387 842 2425 scilicet.
871 2388 1057 2432 corporis
1081 2390 1121 2423 et
1143 2387 1233 2423 loci.
1287 2387 1556 2424 Soliditatem.
1587 2387 1623 2423 id
1654 2390 1716 2423 est
1744 2388 1915 2423 solidam

241 2453 524 2498 quantitatem.
566 2458 689 2489 vocat
727 2463 879 2498 corpus
919 2453 1145 2489 secundum
1185 2455 1270 2488 tres
1311 2453 1596 2489 dimensiones
1637 2463 1740 2498 quas
1782 2453 1917 2490 liabet.

190 2532 224 2555 κε»
245 2518 341 2563 quia
363 2518 521 2554 scilicet
544 2519 706 2563 longum
732 2521 773 2554 et
794 2519 919 2555 latum
943 2521 984 2554 et
1005 2519 1183 2563 spissum
1208 2521 1282 2554 est.
1338 2518 1382 2553 1η
1409 2528 1588 2553 'mammo
1610 2521 1766 2554 aulem.
1814 2519 1923 2554 Post-

241 2591 363 2629 quam
392 2583 584 2619 ostendit.
612 2593 719 2628 quae
749 2584 902 2620 liabent
930 2584 1189 2629 positionem.
1219 2584 1412 2621 ostendit.
1441 2593 1548 2628 quae
1584 2584 1766 2620 habeant
1789 2587 1792 2629 ς
1819 2593 1911 2619 non.

243 2649 458 2692 siliquam,
486 2648 523 2684 id
553 2650 617 2684 est
645 2658 765 2693 quam
797 2649 1024 2694 particulae
1054 2649 1144 2685 eIus
1173 2651 1250 2685 etc.
1303 2650 1383 2684 Au!
1410 2650 1463 2684 sil
1496 2650 1641 2688 silum.
1676 2659 1756 2685 non
1786 2650 1916 2684 solum

244 2713 346 2751 dico.
375 2713 483 2758 quod
514 2723 595 2748 non
625 2713 779 2758 poteris
808 2714 1025 2758 percipere
1062 2714 1309 2759 positionem
1347 2714 1383 2749 in
1421 2723 1501 2758 qua
1538 2714 1617 2749 tria
1650 2717 1918 2749 concurrunt.

244 2779 317 2814 sed
349 2788 424 2814 nec
453 2778 575 2814 etiam
605 2779 714 2823 quod
742 2778 794 2814 sit
823 2788 1019 2815 numerus
1047 2789 1122 2823 per
1149 2782 1290 2824 partes
1318 2779 1478 2815 alicubi,
1507 2779 1545 2814 id
1574 2782 1635 2814 est
1666 2779 1700 2813 in
1723 2779 1919 2814 continuo

197 2861 225 2883 ι..
246 2843 444 2880 subiecto.
474 2843 583 2888 quod
611 2846 748 2879 tamen
778 2844 1030 2890 generaliter
1057 2844 1134 2880 (lici
1159 2853 1238 2879 non
1264 2846 1411 2888 potest.
1443 2844 1518 2879 nisi
1544 2853 1737 2879 numeros
1762 2846 1915 2878 tantum

247 2908 500 2953 accipiamus
530 2908 563 2944 in
593 2909 717 2944 rebus
745 2909 1008 2954 disgregatis.
1060 2909 1140 2943 Ser!
1168 2918 1298 2952 neque
1319 2919 1365 2943 m
1392 2919 1512 2952 quar,
1535 2909 1571 2944 id
1595 2913 1658 2943 est
1683 2919 1761 2943 non
1786 2908 1917 2944 solum

248 2976 386 3019 partes
418 2974 576 3010 numeri
606 2983 686 3009 non
718 2974 872 3009 liabent
899 2974 1160 3019 positionem.
1193 2974 1265 3010 sed
1298 2984 1373 3009 nec
1403 2974 1612 3018 temporis.
1641 2974 1747 3018 quod
1781 2974 1918 3009 statim

396 3092 436 3122 15»
464 3091 646 3131 depositio
675 3090 700 3122 Α
827 3091 865 3121 :tl
900 3088 983 3130 nisil
1012 3091 1150 3122 numeri
1183 3092 1207 3121 4Ι
1311 3091 1352 3122 37
1384 3088 1568 3129 Aliquam!
1597 3092 1781 3129 tamquam
1812 3091 1835 3121 ,l

322 3157 436 3184 lii-itin
460 3157 530 3184 xxi.
571 3159 710 3191 (lesi-r,
736 3157 904 3183 ,xiim-larus
927 3157 1033 3190 philos.
1053 3157 1214 3183 Selii-iiten.
1740 3151 1779 3179 13

1933 801 2020 835 novt
2031 801 2066 834 Ιι.

1934 859 1966 891 p.
1979 848 2046 881 *loti
2060 848 2083 881 A

1952 2484 2084 2519 Bovill-

1952 2544 1985 2575 Ι).
1997 2532 2064 2566 ’3.θῖ
2079 2532 2102 2565 A

1943 2597 1964 2627 s.
1993 2596 2061 2625 lim·
