2200 3387
207 920 237 944 10

206 1252 237 1277 15

202 1583 237 1608 20

203 1907 238 1932 25

204 2237 209 2256 Σ
213 2234 238 2257 iij

208 2892 242 2915 *to

542 238 571 268 2.
604 237 665 268 lli«-
694 238 848 269 (ilossen
879 247 920 270 zu
950 238 1017 269 ‹len
1050 238 1281 275 Rutenorien.
1385 238 1434 268 lle
1464 239 1635 270 relatixis.
1861 236 1930 269 217

258 333 318 368 vel
348 333 466 370 lilius.
497 334 759 378 respicienda
785 335 836 370 ad
867 334 1040 370 invicem
1071 335 1271 372 dicuntur,
1307 335 1530 371 relationes
1563 346 1675 371 vero.
1705 336 1809 371 sicut
1840 335 1929 380 ipsa

259 399 486 444 paternitas
511 400 572 435 vel
597 400 752 437 filiatio.
781 400 856 444 ipsi
886 403 980 435 sunt
1007 403 1223 444 respectus
1244 401 1470 436 seeundum
1496 411 1599 445 quos
1623 401 1811 436 subiecta
1833 411 1929 436 sese

257 465 492 509 respiciunt.
521 465 650 500 addit:
688 465 994 509 quodammodo
1030 465 1256 500 relationes
1290 475 1335 499 se
1365 466 1518 500 liabent
1548 466 1597 500 ad
1629 466 1816 502 invicem.
1848 476 1925 501 non

257 529 483 564 secundum
514 529 621 573 quod
661 529 698 564 in
728 529 924 564 essentiis
953 539 1049 564 sese.
1078 529 1313 573 respiciant.
1352 529 1424 564 sed
1455 529 1551 573 quia
1579 530 1766 565 subiecta
1794 530 1843 564 ad
1876 530 1931 565 in-

258 594 388 630 vicem
429 594 638 638 respicere
680 595 844 630 iaciunt.
907 594 1001 630 ldeo
1044 594 1371 638 ‚quodanumnlo'
1415 595 1690 638 respicientes
1731 595 1931 630 dicuntur.

257 659 323 694 Sic
352 659 459 694 enim
488 660 691 704 quaedam
723 660 831 695 liona
861 660 896 694 in
923 659 1297 695 Divisi-onibus1
1328 660 1425 695 dicit
1455 660 1693 696 Boethius
1719 670 1796 695 non
1822 661 1928 704 quod

258 724 294 759 in
325 735 370 759 se
401 725 509 759 liona
536 725 628 761 sint.
663 725 736 760 sed
766 725 862 769 quia
900 725 1009 760 bona
1047 725 1213 762 iaciunt.
1252 735 1379 760 sanos
1415 725 1530 760 cibos
1568 725 1754 761 similiter
1791 725 1930 761 dicere

257 790 450 825 solemus
505 790 647 825 l)il'l'ert
681 792 818 826 autem
856 790 958 826 llaec
986 790 1172 826 det'initio
1202 790 1251 825 ad
1283 790 1433 835 aliquid
1462 801 1485 826 a
1520 790 1761 826 definitione
1791 801 1932 835 supra-

258 855 403 899 posita.
432 855 542 899 quod
571 855 673 891 llaec
701 855 930 891 secundum
959 865 1094 891 rerum
1132 857 1318 891 naturam
1349 856 1584 901 diligentius
1614 859 1677 891 est
1705 856 1932 901 assignata.

259 920 325 956 illa
354 930 453 956 vero
476 921 704 956 secundum
729 921 1023 957 vocabulorum
1047 922 1400 957 constructionem
1425 924 1515 957 erat
1543 922 1674 956 data‘ss.
1731 921 1845 957 l'ndc
1868 921 1930 956 il›i

259 984 393 1020 l'lato
431 985 533 1020 dixit
573 985 783 1022 „dicuntur”
825 985 876 1021 ad
918 985 1348 1021 constructionem
1393 985 1635 1030 respiciens.
1679 985 1754 1021 liic
1793 988 1930 1021 autem

258 1050 560 1086 Aristoteles
600 1051 735 1096 posuit
770 1053 886 1087 sunt·
926 1060 1086 1086 rerum
1126 1053 1349 1086 naturam
1390 1050 1634 1095 inspiciens
1672 1051 1756 1086 illa
1794 1051 1931 1095 itaque

258 1116 551 1152 vocabulorum
582 1118 670 1152 erat
699 1117 934 1161 descriptio,
965 1117 1087 1152 llaec
1115 1126 1263 1152 rerum.
1317 1116 1397 1152 Sed
1428 1117 1535 1160 quod
1571 1117 1804 1152 contrarios
1833 1117 1933 1152 invi-

257 1189 345 1216 cem
394 1182 531 1216 tantos
573 1181 841 1226 philosophos
888 1181 1169 1225 relinquemus
1217 1183 1340 1226 atque
1381 1191 1404 1216 a
1445 1181 1647 1225 discipulo
1690 1181 1928 1225 magiStrum

259 1248 413 1282 tantum
443 1246 592 1291 corrigi
621 1247 738 1291 quasi
768 1256 988 1282 erroneum
1019 1246 1316 1291 profitebinmr.
1350 1247 1469 1283 absit.
1522 1246 1639 1282 Nulla
1672 1247 1824 1291 quippe
1860 1246 1933 1282 t'uit

258 1312 364 1347 inter
392 1312 718 1347 Aristotelem
749 1314 789 1347 et
816 1312 1069 1348 Platonem
1100 1312 1341 1357 magistrum
1364 1312 1453 1348 eius
1478 1312 1515 1347 in
1539 1312 1749 1348 sententia
1771 1314 1933 1348 contro-

258 1377 407 1413 versia.
435 1377 510 1413 sed
539 1377 707 1413 diversa
734 1378 966 1413 huiusmodi
989 1378 1098 1422 quod
1128 1380 1191 1413 est
1218 1378 1375 1414 relatio.
1404 1377 1604 1422 acceptio
1658 1377 1795 1413 Plato
1824 1378 1930 1413 enim

260 1443 336 1478 lioc
365 1443 530 1479 nomine
559 1443 613 1478 ita
642 1444 756 1489 large
792 1453 890 1479 usus
925 1446 989 1479 est
1026 1444 1062 1478 in
1102 1443 1392 1487 designatione
1430 1443 1589 1479 scilicet
1625 1444 1934 1479 vocabulorum.

259 1511 300 1544 ut
327 1509 467 1544 omnia
496 1509 561 1544 illa
591 1509 793 1544 vocabula
828 1509 984 1544 diceret
1021 1509 1071 1544 ad
1110 1509 1261 1554 aliquid
1300 1518 1407 1553 quae
1449 1508 1585 1553 aliqua
1623 1508 1934 1544 constructione

259 1575 311 1611 ad
338 1574 514 1610 invicem
544 1575 795 1620 reprrocari
824 1575 996 1619 possint,
1027 1584 1107 1609 non
1137 1575 1226 1610 sola
1254 1574 1420 1619 quidem
1443 1574 1549 1610 sicut
1572 1584 1648 1610 nec
1669 1574 1806 1610 onmia
1827 1584 1934 1619 quae

259 1638 486 1675 relationes
514 1639 751 1683 significant
780 1640 856 1675 hoc
887 1639 1052 1675 nomine
1080 1639 1310 1675 includens.
1364 1637 1525 1684 Quippe
1555 1639 1783 1683 paternitas
1819 1640 1859 1674 et
1891 1638 1935 1673 l'i-

259 1704 382 1742 liatio.
399 1714 506 1749 quae
524 1704 748 1741 relationes
764 1704 803 1740 in
822 1704 1009 1749 essenti-a
1025 1704 1272 1749 significant.
1290 1704 1340 1739 ad
1364 1714 1409 1739 se
1428 1704 1607 1739 invicem
1623 1704 1933 1740 constructione

261 1780 341 1806 non
370 1769 568 1807 dicuntur.
597 1770 703 1806 sicut
731 1772 894 1815 sumpta
928 1779 1082 1806 earum.
1122 1771 1241 1814 pater
1277 1769 1436 1805 scilicet
1474 1772 1514 1805 et
1550 1769 1669 1804 filius.
1722 1768 1788 1804 Sic
1825 1769 1930 1804 enim

259 1834 406 1870 dicitur
434 1835 564 1878 ,pater
591 1834 661 1869 filii
691 1837 836 1879 pater·;
876 1834 907 1869 si
942 1834 1033 1878 quis
1067 1834 1123 1869 ita
1151 1833 1260 1869 dicat
1288 1833 1531 1878 ‚paternitas
1559 1833 1771 1868 filiationis
1800 1835 1934 1877 pater-

260 1898 391 1937 nitas,
421 1898 531 1934 nulla
559 1908 710 1934 sensus
738 1900 913 1943 apparet
940 1898 1225 1943 intelligentia,
1252 1898 1338 1933 filia
1367 1899 1499 1933 mater
1521 1907 1685 1942 quoque
1709 1897 1772 1933 vel
1803 1907 1932 1934 soror.

259 1964 353 2000 licet
368 1966 531 2009 sumpta
547 1964 627 2000 sint
642 1974 666 2000 a
683 1964 952 2000 relationibus
975 1964 1025 1999 ad
1043 1964 1151 2008 quod
1175 1963 1341 2008 proprie
1359 1965 1399 1999 et
1415 1963 1659 1998 conversuri
1681 1963 1869 1999 dicantur
1884 1992 1889 1997 .
1905 1992 1933 1998 ..

261 2030 426 2067 habere.
464 2029 569 2065 sicut
602 2031 721 2074 pater
748 2031 788 2065 et
814 2029 922 2065 filius
951 2030 1014 2064 vel
1053 2030 1192 2066 frater.
1231 2028 1397 2073 quando
1437 2028 1648 2072 utriusque
1686 2038 1815 2064 sexus
1852 2028 1933 2064 alia

259 2095 483 2131 continent.
536 2094 669 2131 Credo
698 2097 835 2131 autem
864 2097 1014 2139 postea
1042 2095 1245 2139 quosdam
1274 2094 1402 2129 fuisse
1426 2094 1494 2138 qui
1522 2094 1809 2138 acceptionem
1832 2093 1936 2129 Pla-

260 2159 392 2194 tonis
432 2159 675 2203 ignorantes
717 2161 969 2204 putaverunt
1009 2169 1099 2195 eum
1142 2159 1307 2194 dedisse
1347 2159 1605 2203 superiorem
1648 2158 1933 2194 definitionem

260 2224 310 2259 ad
344 2223 495 2268 aliquid
531 2223 623 2259 huic
658 2223 812 2259 nomini
849 2224 887 2258 in
929 2224 1221 2269 designatione
1262 2233 1398 2258 rerum
1437 2223 1554 2258 istius
1594 2223 1935 2267 praedicamenti.

261 2288 441 2332 ipsarum
472 2287 629 2324 scilicet
661 2288 918 2324 relationum,
949 2288 1013 2323 vel
1047 2287 1087 2323 in
1117 2287 1376 2332 desigatione
1413 2287 1623 2322 nominum
1662 2288 1819 2322 tantum
1860 2297 1933 2322 eas

259 2353 592 2398 significantium.
646 2352 828 2393 Quorum
858 2356 1074 2398 utramque
1112 2353 1349 2397 opinionem
1380 2353 1587 2397 reprobat.
1623 2352 1717 2396 quia
1755 2352 1844 2387 sive
1883 2353 1931 2388 ad

260 2417 413 2463 aliquid
442 2428 590 2454 nomen
621 2418 866 2454 relationum
896 2419 1134 2463 accipiatur.
1163 2419 1250 2453 sive
1274 2419 1429 2454 tantum
1461 2427 1610 2453 nomen
1636 2427 1780 2453 vocum
1812 2418 1935 2462 signi-

260 2484 469 2519 ficantium
501 2483 737 2520 relationes.
777 2494 856 2519 non
896 2486 959 2519 est
988 2494 1128 2519 verum
1169 2484 1307 2519 omnia
1347 2484 1495 2528 quibus
1533 2483 1799 2528 supraposita
1837 2483 1934 2519 del'i—

227 2559 242 2582 r.
264 2549 360 2585 nitio
389 2549 595 2585 convenit.
625 2559 720 2584 esse
749 2549 798 2585 ad
827 2549 991 2594 aliquid.
1021 2550 1115 2593 quia
1146 2559 1280 2594 neque
1310 2549 1513 2585 vocabula
1541 2559 1648 2594 quae
1676 2549 1727 2584 ad
1757 2549 1930 2584 invicem

262 2617 402 2650 mutuo
431 2614 709 2658 assignantur.
749 2614 972 2650 relationes
1002 2617 1095 2650 sunt
1125 2625 1258 2659 neque
1288 2615 1428 2650 omnia
1456 2624 1562 2659 quae
1601 2614 1837 2658 significant
1876 2624 1933 2649 re-

262 2680 450 2716 lationes.
481 2682 522 2715 ut
549 2680 613 2715 ala
642 2682 682 2716 et
709 2681 874 2717 alatum.
903 2680 1121 2725 disciplina
1149 2682 1189 2716 et
1210 2680 1526 2724 disciplinatum.
1582 2680 1697 2716 Unde
1722 2680 1843 2724 priori
1868 2680 1935 2715 de-

262 2745 449 2781 linitione
483 2748 676 2790 correpta
713 2749 754 2781 et
791 2756 842 2781 ea
877 2745 1071 2790 apposita
1110 2756 1218 2790 uuae
1253 2746 1352 2781 solis
1388 2745 1658 2781 relationibus
1696 2745 1933 2780 conveniat.

262 2810 397 2846 statim
427 2809 633 2854 supponit.
671 2819 800 2854 quare
837 2810 1103 2854 supraposita
1141 2809 1328 2845 delinitio
1366 2809 1615 2853 corrigenda
1651 2811 1796 2845 tuerat.
1836 2809 1931 2853 quia

263 2875 430 2911 seilicet.
460 2875 553 2910 licet
583 2874 766 2910 relativis
797 2875 1029 2910 nominibus
1052 2874 1276 2910 conveniat
1298 2874 1360 2909 vel
1387 2874 1486 2918 ipsis
1507 2873 1630 2909 etiam
1654 2873 1934 2909 fundamentis

407 2999 425 3026 :t
455 2996 566 3035 additl
588 2997 632 3028 ad
657 2997 687 3027 id
711 2997 734 3028 ,1
823 2998 878 3028 :hl
905 2997 992 3028 Nam
1017 2997 1112 3036 quod
1136 2997 1335 3028 seeundum
1358 2996 1382 3027 .-l
1463 2996 1504 3026 23
1533 2993 1600 3033 siel
1622 2996 1651 3026 si
1675 2995 1698 3026 A
1780 2996 1822 3027 2ιὶ
1848 2997 1936 3035 pos!

264 3058 430 3089 dieantur
456 3058 509 3087 vs!
537 3057 678 3087 ltwmm
708 3057 744 3087 itt
774 3056 851 3087 rwl.
897 3056 1028 3088 'l’vslns
1055 3057 1260 3095 rorrnplns
1286 3065 1366 3086 ess-v
1394 3055 1549 3086 rich-‘tatu

410 3127 415 3148 ¹
449 3128 472 3160 lt
483 3136 503 3156 o
515 3127 610 3159 etli..
630 3127 734 3158 ln‘ln’t·
756 3127 800 3157 tle
815 3126 923 3158 ‹lie-is.
943 3127 994 3159 l'l.
1011 3128 1065 3160 til.
1085 3127 1243 3167 inrisui).
1325 3126 1339 3146 “-’
1367 3125 1787 3159 Abael..l)i‹1l‹›r!.l.‹·..
1807 3135 1838 3166 p.
1856 3126 1934 3158 201.
