2200 3387
321 235 364 268 94
720 236 826 268 Potor
853 237 1055 269 Abaelards
1084 236 1216 277 Loglca
1244 235 1568 276 ,Ingredientibus‘.

464 332 576 368 Nunc
604 334 740 368 autem
770 333 846 368 hoc
875 334 965 369 loco
993 342 1126 377 pauca
1154 333 1204 368 de
1242 332 1453 368 materia
1487 331 1840 372 accidentium,
1875 340 1982 376 quae

324 397 470 441 inquiri
497 397 642 433 solent.
671 398 995 433 consideremus.
1048 397 1177 437 Quale
1206 399 1269 432 est
1296 397 1402 435 illud.
1440 399 1573 432 utrum
1601 396 1851 432 indivisibile
1879 396 1984 432 acci-

323 463 425 498 dens
453 462 644 497 divisibili
683 462 868 498 subiecto
897 463 1037 498 inesse
1072 462 1201 505 possit
1235 464 1275 497 et
1311 461 1514 497 divisibile
1551 471 1694 497 rursus
1731 460 1981 496 indivisibili.

323 527 367 562 Et
407 530 623 571 utrumque
664 527 827 571 quidem
877 537 1018 563 verum
1070 536 1166 562 esse
1206 526 1378 564 videtur.
1426 526 1575 571 quippe
1616 526 1752 561 unitas
1798 525 1982 570 partibus

323 592 488 627 omnino
513 601 657 627 carere
680 592 925 627 auctoritate
949 592 1127 627 omnium
1150 591 1427 627 confirmatur.
1450 591 1558 635 quod
1579 592 1718 626 tamen
1740 590 1800 626 rei
1821 599 1984 634 compo·
2005 597 2020 621 5

322 657 425 692 sitae
455 666 583 701 saepe
612 657 771 693 accidit.
799 659 842 692 ut
870 657 961 692 huic
989 656 1153 693 homini.
1191 656 1257 700 qui
1291 656 1386 691 licet
1417 665 1469 690 ex
1496 655 1680 700 pluribus
1709 655 1760 690 sit
1789 654 1984 690 membris

323 722 577 759 coniunctus.
606 732 687 757 una
715 725 851 757 tamen
881 722 1027 757 dicitur
1054 721 1297 756 naturaliter
1324 720 1567 755 substantia.
1620 719 1812 755 Similiter
1842 718 1984 754 indivi-

323 787 440 822 sibile
469 789 641 831 tempus.
672 787 847 831 simplex
875 786 1046 821 alicuius
1075 786 1194 822 actio.
1223 794 1329 829 quae
1356 785 1396 820 in
1418 785 1587 820 instanti
1610 786 1683 821 est.
1711 783 1983 828 compositum

323 851 448 887 habet
475 852 717 887 subiectum.
771 851 836 886 Sic
874 854 913 886 et
951 851 1179 895 paternitas
1219 852 1259 885 et
1294 850 1492 894 pleraque
1521 849 1613 889 alia,
1652 858 1744 884 cum
1784 848 1986 893 simplicia

323 917 551 952 videantur.
581 917 619 951 in
648 917 769 951 rebus
797 919 933 951 tamen
963 915 1201 959 compositis
1228 914 1503 950 inveniuntur.
1556 914 1636 949 Sed
1659 911 1865 957 quomodo
1893 912 1985 948 sub·
2007 920 2039 944 10

324 981 430 1017 iecto
459 982 625 1017 habenti
655 984 796 1025 partes
824 981 861 1016 id
885 981 992 1025 quod
1023 983 1163 1024 partes
1185 989 1266 1015 non
1289 980 1424 1016 habet.
1453 979 1592 1014 inesse
1616 980 1762 1023 potest.
1791 978 1825 1013 si
1851 978 1984 1022 ipsum

323 1049 449 1081 totum
480 1045 732 1090 occuparet?
783 1045 999 1085 Quomodo
1028 1045 1134 1080 enim
1164 1045 1298 1080 unitas
1321 1044 1444 1079 totius
1464 1043 1641 1079 hominis
1662 1042 1984 1087 magnitudinem

323 1111 707 1155 comprehenderet.
735 1110 768 1145 si
799 1110 889 1154 ipsa
916 1110 955 1145 in
985 1119 1030 1144 se
1059 1110 1109 1144 sit
1136 1109 1286 1144 nullius
1314 1107 1638 1153 magnitudinis?

462 1175 509 1211 Et
536 1178 630 1211 sunt
658 1175 883 1210 nonnulli
913 1174 980 1218 qui
1010 1174 1046 1209 in
1078 1176 1162 1209 toto
1191 1174 1309 1209 simul
1338 1174 1502 1208 homine
1530 1173 1727 1208 unitatem
1756 1182 1836 1207 non
1866 1172 1986 1207 collo-

323 1244 428 1277 cant.
466 1251 547 1284 qua
584 1241 672 1285 ipse
717 1240 837 1274 homo
877 1248 981 1274 unus
1016 1240 1090 1275 est.
1127 1239 1199 1274 sed
1237 1238 1373 1282 potius
1410 1238 1449 1273 in
1487 1238 1663 1281 quadam
1703 1238 1820 1281 parte
1857 1236 1986 1281 ipsius
2007 1243 2040 1267 15

323 1306 498 1341 hominis
535 1305 770 1340 indivisibili
810 1304 939 1348 ipsam
975 1313 1068 1338 esse
1109 1304 1333 1339 autumant.
1374 1312 1426 1338 ex
1464 1311 1544 1346 qua
1579 1304 1688 1337 totus
1724 1302 1846 1336 homo
1881 1310 1986 1336 unus

324 1371 492 1406 dicatur.

466 1435 546 1470 Sed
575 1434 760 1479 profecto
787 1433 1071 1478 quaerendum
1093 1434 1167 1469 est.
1197 1432 1263 1476 qui
1286 1432 1338 1467 sit
1360 1441 1520 1469 sensus.
1549 1441 1639 1466 cum
1661 1431 1823 1467 dicitur:
1853 1431 1985 1471 ‚homo

324 1510 428 1535 unus
457 1503 542 1535 est:
595 1500 682 1534 Non
709 1499 817 1534 enim
846 1508 944 1533 vere
973 1498 1049 1533 dici
1079 1499 1214 1542 potest
1246 1497 1286 1532 id
1314 1497 1423 1541 quod
1450 1497 1573 1532 horno
1601 1498 1675 1536 est,
1708 1495 1876 1531 formari
1902 1495 1988 1530 uni-

324 1568 418 1600 tate.
472 1565 601 1599 Homo
631 1564 739 1599 enim
767 1573 847 1598 non
878 1563 1034 1599 dicitur.
1074 1562 1149 1597 nisi
1179 1562 1318 1597 omnia
1346 1561 1464 1596 simul
1492 1562 1687 1601 membra,
1715 1569 1821 1605 quae
1849 1559 1987 1595 omnia
2006 1565 2040 1590 20

325 1630 443 1665 simul
471 1629 669 1664 unitatem
699 1638 779 1663 non
810 1628 974 1665 liabent,
1003 1627 1077 1663 sed
1105 1629 1244 1671 partes
1272 1628 1428 1662 tantum
1456 1625 1744 1665 indivisibiles,
1771 1627 1814 1661 ut
1835 1625 1985 1660 dictum

325 1698 396 1730 est.
450 1694 567 1734 Quod
603 1694 635 1729 si
672 1694 736 1729 hic
764 1695 826 1728 est
859 1702 1019 1742 sensu-s,
1054 1694 1096 1727 ut
1135 1692 1293 1727 dicatur
1332 1692 1454 1726 homo
1495 1700 1600 1726 unus
1641 1690 1867 1726 secundum
1908 1690 1986 1725 hoc

324 1758 433 1802 quod
454 1760 614 1802 partem
643 1766 765 1792 unam
789 1757 923 1794 habet.
957 1756 1036 1791 iam
1061 1765 1140 1791 non
1164 1755 1300 1790 unitas
1329 1754 1483 1790 homini
1509 1754 1699 1799 iungitur,
1727 1754 1801 1789 sed
1823 1753 1986 1789 habitus

324 1823 443 1858 unius
472 1823 612 1867 partis.
664 1821 778 1857 Sicut
805 1823 845 1856 et
872 1831 962 1856 cum
991 1821 1138 1856 dicitur
1170 1829 1319 1864 corpus
1358 1819 1534 1855 hominis
1574 1819 1640 1855 vel
1677 1818 1880 1854 rationale
1919 1818 1986 1853 vel

324 1887 649 1933 grammaticum.
690 1887 830 1922 dicunt
868 1885 1033 1921 attribui
1073 1895 1155 1921 non
1195 1884 1505 1930 grammaticam
1547 1884 1610 1919 vel
1650 1883 1983 1923 rationalitatem,
2004 1894 2038 1919 25

325 1962 431 1997 quae
459 1952 622 1987 animae
650 1952 807 1986 tantum
836 1951 985 1988 insunt,
1020 1950 1092 1984 sed
1122 1949 1252 1994 magis
1285 1949 1448 1984 habitus
1487 1948 1783 1993 grammaticae
1820 1947 1984 1983 animae

172 2021 193 2052 r.
226 2022 298 2052 Ην
323 2017 389 2052 vel
417 2017 580 2052 animae
608 2015 928 2051 rationalitatem
956 2014 1189 2058 praedicari
1217 2014 1370 2049 volunt.
1395 2014 1399 2058 Ι

465 2081 736 2117 Praeterea
763 2090 852 2115 cuin
882 2088 1157 2123 unaquaeque
1185 2088 1282 2123 pars
1310 2078 1570 2113 indivisibilis
1598 2077 1805 2122 propriam
1833 2077 1987 2112 habeat

325 2147 534 2186 unitatem,
563 2156 615 2181 ex
644 2155 723 2189 qua
758 2145 796 2180 in
826 2154 870 2180 se
899 2154 981 2179 una
1019 2146 1090 2184 est,
1129 2143 1387 2188 contingeret
1426 2152 1547 2178 unam
1586 2142 1688 2177 duas
1724 2141 1986 2177 habitudines

324 2212 491 2250 habere,
519 2214 561 2246 ut
588 2211 788 2246 binarium
819 2212 860 2245 et
886 2210 942 2245 ita
970 2209 1049 2244 duo
1078 2217 1172 2244 esse
1199 2208 1239 2243 id
1267 2208 1375 2252 quod
1404 2209 1468 2243 est
1495 2207 1756 2247 indivisibile,
2007 2222 2041 2247 30

467 2276 660 2311 Dicamus
687 2275 826 2319 itaque
856 2284 935 2309 non
959 2283 1055 2309 esse
1077 2274 1358 2318 incongruum,
1387 2272 1422 2307 si
1448 2272 1487 2307 id
1509 2271 1617 2316 quod
1640 2271 1890 2307 indivisibile
1912 2271 1986 2312 est,

325 2340 515 2375 divisibili
543 2339 728 2374 subiecto
758 2339 829 2374 toti
857 2338 973 2373 simul
1003 2337 1099 2372 insit
1132 2338 1173 2372 et
1208 2346 1290 2372 non
1328 2336 1440 2372 velut
1477 2344 1550 2380 per
1585 2337 1737 2380 partes,
1773 2335 1868 2370 ideo
1904 2344 1986 2370 non

325 2413 420 2440 esse
458 2404 742 2440 necessarium
779 2402 972 2438 accidens
1010 2401 1135 2437 dividi
1171 2411 1262 2436 cum
1300 2400 1498 2440 subiecto,
1538 2400 1616 2435 nisi
1652 2399 1750 2435 illud
1778 2399 1886 2444 quod
1913 2408 1988 2444 per

325 2472 463 2513 partes
478 2469 595 2504 inest.
611 2469 715 2503 sicut
730 2467 890 2506 albedo,
912 2467 1031 2505 linea,
1055 2475 1225 2510 quorum
1243 2465 1401 2501 scilicet
1422 2465 1615 2500 diversae
1636 2465 1776 2509 partes
1798 2464 1987 2499 diversas

324 2534 497 2569 subiecti
525 2536 665 2578 partes
693 2533 897 2576 occupant
925 2534 1048 2575 atque
1076 2531 1169 2566 ideo
1197 2531 1277 2566 ista
1298 2530 1524 2565 sectionem
1544 2538 1668 2564 unam
1688 2538 1779 2564 cum
1801 2528 1986 2564 subiecto
2007 2537 2042 2562 35

326 2598 538 2642 recipiunt.
590 2598 672 2632 Nec
700 2597 854 2635 mirum,
883 2596 916 2631 si
948 2595 1196 2631 indivisibile
1227 2594 1421 2630 accidens
1444 2593 1636 2629 divisibili
1667 2593 1851 2628 subiecto
1879 2592 1986 2633 insit,

327 2662 433 2697 sicut
454 2671 475 2697 e
498 2661 706 2697 contrario
729 2659 932 2695 divisibile
956 2658 1203 2694 indivisibili.
1255 2658 1354 2693 Nam
1384 2657 1532 2697 anima,
1567 2666 1655 2692 cum
1685 2658 1826 2700 partes
1852 2656 1987 2691 nullas

326 2726 364 2761 in
393 2725 577 2761 essentia
604 2725 767 2763 habeat,
802 2723 1034 2767 composita
1061 2724 1198 2757 tamen
1227 2721 1352 2757 habet
1378 2720 1620 2760 accidentia,
1648 2721 1691 2755 ut
1717 2719 1987 2760 dialecticam,

326 2799 433 2834 quae
460 2790 499 2825 in
533 2788 746 2824 scientiam
776 2787 1013 2823 inveniendi
1051 2788 1091 2822 et
1126 2786 1333 2821 iudicandi
1361 2785 1564 2821 dividitur.
1615 2784 1702 2819 Hoc
1737 2783 1986 2819 indivisibile

326 2864 476 2898 corpus
504 2853 789 2889 collectionem
818 2851 1092 2887 accidentium
1121 2851 1159 2886 in
1189 2859 1234 2885 se
1271 2850 1406 2887 habet.
1444 2850 1623 2885 colorem
1661 2849 1819 2884 scilicet
1855 2843 1984 2887 suum,
2007 2860 2040 2883 40

328 2918 525 2953 unitatem
555 2919 594 2953 et
622 2918 747 2952 multa
775 2916 866 2951 alia.

469 3052 510 3083 19
539 3049 648 3088 enim]
676 3052 731 3082 est
751 3051 777 3082 Α
869 3050 911 3081 30
940 3051 974 3080 et
1001 3049 1050 3080 ita
1076 3049 1189 3079 binar.
1212 3048 1241 3079 A
1329 3048 1369 3078 31
1399 3045 1444 3085 sil
1472 3053 1506 3083 s;
1533 3047 1561 3078 A
1651 3046 1692 3077 32
1739 3047 1774 3076 et
1801 3048 1822 3076 fi
1850 3047 1985 3092 partes,

327 3117 446 3149 supra
470 3110 602 3149 partes
628 3109 811 3148 seriptum
839 3110 875 3139 ut
902 3117 924 3147 p
952 3108 992 3138 A.
