2200 3387
793 197 820 228 1.
850 195 914 228 llic
942 194 1098 227 moeson
1127 203 1169 226 zu
1200 194 1431 234 Porphyrius.
1893 191 1936 226 23

266 293 537 339 componitur.
592 292 703 329 Haec
737 294 874 328 autem
904 290 1134 327 communis
1169 290 1387 334 conceptio
1418 290 1524 326 bene
1554 289 1640 325 Deo
1677 289 1936 327 adscribitur.

267 367 348 393 non
385 357 560 397 homini:
602 356 698 401 quia
733 365 862 401 opera
897 355 963 390 illa
991 355 1214 399 generales
1243 354 1306 389 vel
1350 354 1556 398 speciales
1592 339 1959 406 naturaess—tatus

265 424 361 457 sunt
388 420 507 468 [Deil.
542 430 622 457 non
651 420 835 458 artificis.
873 421 914 454 ut
943 419 1075 455 liomo.
1111 418 1248 454 anima
1278 418 1341 453 vel
1376 417 1480 462 lapis
1510 417 1594 454 Dei.
1623 417 1769 453 domus
1797 419 1934 453 autem

267 486 331 522 vel
359 486 520 532 gladius
549 485 726 521 hominis
745 488 765 521 ¹.
821 484 937 520 l'nde
973 484 1076 519 haec
1105 486 1279 519 naturae
1308 492 1388 518 non
1418 485 1513 518 sunt
1547 492 1676 527 opera
1713 482 1859 518 domus
1896 484 1937 519 ct

229 560 245 582 ⁵
264 551 438 597 gladius,
465 551 571 587 sicut
598 551 676 587 illa.
705 560 781 587 nec
803 559 945 586 eorum
970 549 1173 585 vocabula
1195 548 1455 584 substantiae
1478 550 1582 584 sunt.
1612 547 1685 583 sed
1707 547 1936 583 accidentis

214 1213 242 1238 15

208 2191 243 2215 30

265 618 390 661 atque
437 616 530 653 ideo
579 626 654 652 nec
700 624 859 661 genera
895 616 990 650 sunt
1030 623 1107 650 nec
1147 613 1463 658 specialissima.
1528 613 1624 648 lnde
1665 613 1788 648 etiam
1829 613 1935 649 bene

266 682 432 718 divinae
448 681 587 719 menti.
610 691 691 717 non
709 681 917 717 humanae
938 679 1172 716 huiusmodi
1194 688 1268 724 per
1289 679 1612 715 abstractionem
1639 678 1936 723 conceptiones

265 747 566 784 adscribuntur.
595 746 691 791 quia
713 746 913 783 homines,
936 745 1003 790 qui
1026 754 1100 790 per
1127 754 1276 780 sensus
1298 745 1454 780 tantum
1478 754 1546 779 res
1567 745 1837 788 cognoscunt,
1866 743 1935 779 vix

265 814 336 848 aut
359 821 581 856 numquam
611 811 661 848 ad
691 811 925 847 huiusmodi
960 810 1189 855 simplicem
1219 809 1533 855 intelligentiam
1574 808 1861 844 conscendunt
1897 810 1938 844 ct

228 891 233 906 ι
267 886 317 913 ne
352 886 454 922 pure
494 886 630 912 rerum
665 878 836 912 naturas
869 875 1116 920 concipiant.
1157 874 1430 910 accidentium
1472 873 1656 910 exterior
1683 873 1936 909 sensualitas

265 940 446 986 impedit.
499 940 612 976 Deus
649 949 749 976 vero
790 939 853 976 cui
889 939 1028 976 omnia
1055 948 1129 984 per
1156 948 1202 974 se
1230 940 1385 984 patent.
1414 948 1521 983 quac
1550 937 1743 976 condidit.
1784 937 1935 983 quique

265 1016 316 1042 ea
343 1008 566 1050 antequam
596 1005 688 1042 sint.
716 1004 843 1041 novit.
880 1004 1067 1050 singulos
1086 991 1242 1054 lstatusl
1258 1004 1296 1039 in
1325 1013 1371 1039 se
1398 1003 1497 1048 ipsis
1536 1002 1749 1048 distinguit
1782 1012 1859 1039 nec
1898 1003 1935 1039 ei

264 1078 414 1106 sensus
437 1068 732 1114 impedimento
755 1070 829 1105 est.
853 1068 921 1113 qui
940 1066 1106 1113 [solam]
1135 1068 1248 1103 solus
1271 1076 1414 1104 veram
1437 1067 1561 1102 habet
1582 1066 1896 1111 intelligentiam
1911 1070 1936 1101 ·-’.

264 1130 382 1170 Unde
410 1133 600 1169 homines
628 1132 669 1168 in
697 1132 760 1168 his
789 1141 896 1178 quae
924 1141 1049 1168 sensu
1072 1141 1154 1167 non
1177 1133 1517 1168 attractaverunt.
1546 1131 1677 1176 magis
1698 1130 1935 1176 opinionem

264 1208 387 1244 quam
415 1198 730 1244 intelligentiam
754 1198 910 1234 habere
932 1197 1143 1243 contingit.
1172 1197 1281 1242 quod
1303 1196 1394 1242 ipso
1417 1196 1706 1241 experimento
1730 1196 1935 1232 discimus.

263 1264 506 1310 Cogitantes
534 1263 643 1300 enim
672 1263 723 1300 de
751 1263 889 1308 aliqua
917 1263 1084 1299 civitate
1119 1272 1202 1298 non
1238 1262 1340 1299 visa,
1374 1271 1464 1298 cum
1499 1261 1806 1298 advenerimus.
1842 1271 1935 1298 eam

264 1339 340 1365 nos
369 1329 490 1365 aliter
516 1338 639 1374 quam
668 1329 720 1365 sit
747 1328 1015 1374 excogitasse
1043 1327 1277 1363 invenimus
1292 1332 1316 1362 ³.

406 1399 465 1436 Ita
492 1400 616 1436 etiam
638 1399 763 1436 credo
786 1399 836 1436 de
858 1399 1097 1435 intrinsecis
1118 1398 1262 1434 formis
1284 1407 1391 1443 quae
1407 1398 1460 1434 ad
1476 1407 1626 1434 sensus
1648 1398 1729 1433 rion
1753 1397 1935 1437 veniunt.

263 1465 397 1510 qualis
437 1467 502 1501 est
540 1464 801 1501 rationalitas
835 1466 875 1500 et
919 1464 1161 1501 mortalitas.
1202 1463 1443 1509 paternitas.
1491 1463 1638 1500 sessio,
1686 1462 1818 1507 magis
1859 1472 1936 1499 nos

209 1545 231 1569 ει
263 1530 503 1575 opinionem
531 1530 698 1566 habere.
752 1529 971 1570 Quaelibet
998 1530 1138 1565 tamen
1167 1528 1445 1573 quorumlibet
1466 1528 1733 1564 existentium
1758 1528 1935 1567 nomina.

263 1596 461 1640 quantum
483 1595 523 1631 in
543 1595 645 1641 ipsis
667 1597 741 1632 cst.
763 1595 1015 1631 intellectum
1037 1594 1170 1640 magis
1193 1603 1315 1639 quam
1338 1594 1573 1639 opinionem
1598 1595 1812 1639 generant.
1840 1593 1937 1639 quia

264 1659 492 1696 secundum
514 1659 676 1705 aliquas
698 1668 835 1696 rerum
857 1661 1028 1695 naturas
1051 1659 1116 1694 vel
1138 1658 1417 1704 proprietates
1439 1658 1633 1694 inventor
1648 1667 1699 1694 ea
1720 1658 1935 1703 imponere

263 1725 448 1763 intendit.
477 1724 555 1761 etsi
583 1734 660 1761 nec
687 1725 775 1770 ipse
810 1725 917 1760 bene
955 1724 1198 1769 excogitare
1240 1724 1365 1759 sciret
1404 1723 1463 1759 rei
1504 1725 1698 1759 naturam
1737 1725 1808 1759 aut
1844 1733 1935 1768 pro-

264 1789 495 1835 prietatem.
547 1788 797 1825 Communes
834 1790 974 1825 autem
1020 1789 1094 1824 has
1134 1788 1432 1833 conceptiones
1479 1787 1574 1824 inde
1615 1787 1836 1833 generales
1870 1787 1934 1823 vel

209 1870 242 1895 25.
264 1853 470 1899 speciales
499 1853 788 1889 Priscianus
816 1854 950 1890 vocat.
985 1852 1094 1897 quod
1123 1861 1196 1888 eas
1218 1852 1337 1888 nobis
1357 1851 1573 1897 generalia
1600 1852 1713 1892 <vel>
1737 1851 1936 1897 specialia

264 1919 433 1955 nomina
473 1921 694 1964 utcumque
733 1918 955 1954 insinuant.
1019 1918 1080 1954 Ad
1120 1927 1224 1963 quas
1270 1917 1435 1962 quidem
1476 1916 1775 1962 conceptiones
1816 1917 1935 1962 quasi

262 1984 431 2030 propria
458 1984 628 2020 nomina
655 1994 752 2020 esse
781 1984 878 2020 dicit
905 1983 995 2029 ipsa
1022 1983 1287 2019 universalia.
1316 1992 1424 2028 quae
1451 1982 1548 2019 licet
1580 1982 1779 2018 confusae
1813 1982 1936 2028 signi—

262 2049 469 2086 ficationis
496 2049 586 2087 sint.
616 2051 813 2095 quantum
841 2049 893 2086 ad
922 2049 1158 2085 nominatas
1192 2048 1414 2087 essentias.
1448 2048 1502 2084 ad
1535 2056 1796 2084 communem
1826 2047 1934 2083 illam

262 2115 581 2161 conceptionem
610 2115 748 2152 statim
777 2115 957 2161 dirigunt
984 2115 1166 2151 animum
1202 2114 1403 2150 auditoris
1437 2113 1544 2150 sicut
1571 2113 1740 2159 propria
1767 2113 1936 2149 nomina

263 2181 315 2217 ad
343 2190 429 2217 rem
458 2190 582 2217 unam
609 2190 732 2226 quam
761 2180 1010 2227 significant.
1062 2180 1152 2225 Ipse
1180 2189 1346 2226 quoque
1373 2179 1720 2225 Porphyrius⁴.
1761 2189 1852 2216 cum
1880 2179 1936 2215 ait

263 2247 469 2292 quaedam
497 2247 693 2283 constitui
721 2256 775 2283 ex
812 2246 987 2283 materia
1024 2248 1065 2282 et
1103 2246 1247 2285 forma.
1288 2246 1495 2291 quaedam
1535 2246 1587 2282 ad
1627 2246 1935 2282 similitudinem

264 2312 466 2348 materiae
495 2314 535 2349 et
561 2312 732 2351 formae.
761 2313 868 2348 hanc
895 2312 1213 2358 conceptionem
1241 2312 1502 2348 intellexisse
1534 2312 1706 2349 videtur.
1747 2321 1838 2348 cum
1879 2311 1935 2348 ait

264 2377 316 2414 ad
342 2377 651 2414 similitudinem
679 2377 881 2415 materiae
903 2380 944 2414 et
965 2379 1135 2414 formae.
1165 2378 1215 2414 de
1238 2387 1319 2423 quo
1341 2377 1503 2423 plenius
1526 2387 1601 2414 suo
1624 2377 1716 2413 loco
1742 2377 1934 2413 dicotur-³.

264 2442 536 2480 Boethius⁶
561 2453 727 2489 quoque
755 2452 847 2480 cum
888 2443 944 2479 ait
980 2443 1276 2489 cogitationem
1317 2443 1533 2480 collectam
1574 2452 1628 2479 ex
1667 2442 1934 2479 similitudine

406 2585 425 2616 :3
449 2584 513 2617 Dei
534 2593 559 2617 α
582 2593 699 2617 manu
719 2584 933 2625 posteriore
952 2584 1252 2625 szqnv·set·e'1)lune
1332 2586 1373 2616 10
1395 2592 1528 2616 sensus
1550 2584 1682 2616 ualitas
1703 2584 1728 2616 Α
1800 2584 1839 2615 12
1853 2592 1932 2615 eam

289 2669 318 2676 ..
341 2644 388 2676 sit
414 2644 556 2676 noverit
583 2644 609 2676 A

409 2723 417 2741 ¹
448 2727 499 2758 Cf.
537 2726 691 2759 Diam-t.
727 2726 782 2759 ecl.
811 2727 991 2763 Cousin‚
1032 2727 1229 2766 Ozwrasles
1263 2726 1399 2758 inediis
1431 2725 1646 2760 ‹!'.-1!n²!‹1r‹l,
1690 2725 1789 2758 l'aris
1836 2726 1934 2763 15:315,

265 2794 298 2826 p.
327 2785 405 2817 377.

405 2844 420 2866 ²
447 2844 499 2877 Gr.
525 2845 643 2877 Tracl.
666 2844 710 2876 (Ie
732 2845 859 2882 intell„
883 2847 916 2886 pl
934 2844 1052 2877 73714.
1100 2845 1259 2880 Boeth..
1283 2845 1324 2877 1η
1349 2844 1432 2876 [ἱὸν.
1448 2844 1561 2876 Aris-I.
1580 2840 1675 2886 Περὶ
1697 2844 1777 2886 ἑρμ.
1799 2844 1836 2879 11,
1855 2844 1933 2876 22⁹.

406 2904 420 2924 ²⁴
448 2904 499 2936 Cr.
531 2904 649 2936 Trael.
677 2903 721 2936 (le
749 2904 875 2941 intell„
904 2914 936 2945 p.
967 2904 1087 2936 746³&

408 2962 419 2983 >¹
449 2962 608 3001 Boeth„
635 2948 681 2995 ’1η
710 2962 846 3004 I'orph.
875 2963 929 2995 ed.
959 2963 996 3001 ll,
1025 2972 1057 3003 p.
1087 2963 1192 2995 267³.

449 3022 500 3055 Cr.
530 3022 617 3054 infr.
646 3031 679 3063 p.
709 3023 751 3054 79
768 3031 850 3063 sqq.
972 3022 987 3042 ‘³
1014 3022 1174 3061 Boeth„
1203 3023 1245 3054 In
1275 3022 1412 3063 I’orple.
1441 3023 1496 3055 cd.
1525 3022 1562 3057 11.
1592 3031 1625 3063 p.
1657 3022 1774 3055 166102.
