2200 3387
190 929 221 953 iu

191 1259 222 1283 15

188 1579 223 1604 20

191 2237 226 2260 30

197 2884 230 2909 40

516 239 546 272 2.
575 239 640 272 Dc
667 240 823 272 (iiosscu
853 249 894 272 zu
924 240 993 272 dou
1025 240 1259 279 ix‘atcgoricn.
1364 240 1415 273 De
1443 242 1635 282 oppositis.
1849 240 1916 274 2153

243 335 304 372 his
332 339 526 382 quattuor
552 336 858 383 oppositionum
891 336 1022 374 modis
1058 346 1138 373 non
1178 337 1341 375 cadunt.
1370 337 1494 374 veluti
1524 338 1678 375 homini
1706 341 1747 375 et
1782 339 1915 379 asino.

242 401 392 438 rationi
421 403 461 438 et
490 401 648 438 rudibili
678 411 756 438 nec
785 402 936 438 homini
967 404 1007 438 et
1041 402 1220 439 animali.
1255 412 1363 447 quae
1404 403 1555 439 nullam
1597 404 1751 440 habent
1791 413 1915 450 oppo-

242 466 448 503 sitionem.
490 466 640 503 Verum
664 470 728 503 est
750 467 856 503 enim
881 467 990 512 quod
1013 467 1135 503 homo
1159 469 1199 503 et
1220 467 1371 504 animal
1395 467 1472 504 hoc
1494 470 1621 504 toturn
1646 478 1727 505 non
1750 468 1916 506 habent.

243 532 394 578 quippe
422 541 511 568 cum
542 532 710 569 omnino
739 532 777 568 in
807 535 999 577 respectu
1023 541 1105 568 non
1128 532 1391 573 conveniant,
1414 542 1491 569 nec
1514 535 1705 578 respectu
1729 533 1916 570 eiusdem

243 597 302 634 rei
323 597 464 634 inesse
488 599 672 642 possunt.
719 597 961 634 ContrarIae
978 607 1143 643 quoquc
1167 598 1477 643 propositiones
1499 598 1604 634 sicut
1627 598 1772 635 ,omnis
1794 599 1916 635 homo

242 665 306 699 est
332 663 460 699 albus·
490 666 530 698 et
559 663 704 699 nullus
732 663 854 699 homo
883 666 946 698 est
974 663 1104 699 albus*
1134 666 1174 699 et
1203 663 1430 708 pleraeque
1467 663 1574 700 aliae
1611 673 1719 709 quae
1756 666 1917 700 contra-

241 727 442 764 dictoriae
471 737 551 763 non
582 731 686 767 sunt.
715 730 841 764 totam
871 728 990 764 simul
1025 728 1349 774 descriptionem
1387 729 1672 774 oppositorum
1712 729 1916 775 recipiunt

241 802 319 830 nec
346 795 484 830 tamen
513 793 588 829 sub
618 793 679 829 his
708 793 840 829 modis
869 793 1143 829 continentur.

384 857 426 893 Si
450 857 541 902 quis
569 857 678 893 dicat
705 856 935 893 contrarias
963 866 1129 902 quoque
1165 857 1475 902 propositiones
1504 858 1579 893 sub
1607 857 1826 894 contrariis
1854 858 1919 894 hic

243 922 405 959 includi.
438 922 601 958 fallitur.
635 922 728 966 quia
763 921 972 958 contraria
1009 924 1165 958 tantum
1208 922 1473 968 incomplexa
1512 922 1673 967 accipit.
1726 922 1844 959 Unde
1878 922 1917 958 in

242 987 600 1033 sequentibus¹
638 987 747 1023 dicet
783 989 898 1023 certa
936 987 1129 1032 opposita
1163 988 1239 1023 sub
1281 987 1561 1024 affirmatione
1604 990 1643 1024 et
1685 988 1920 1033 negatione.

241 1053 338 1099 quia
365 1052 629 1098 incomplexa
657 1054 763 1091 sunt.
792 1061 927 1097 neque
956 1062 1057 1089 vera
1085 1062 1182 1089 esse
1211 1062 1347 1098 neque
1376 1053 1491 1089 falsa.

385 1117 565 1154 Dicimus
589 1117 728 1163 itaque
754 1126 845 1153 eam
869 1118 1155 1163 oppositorum
1185 1118 1508 1164 descriptionem
1533 1128 1655 1164 quam
1679 1118 1920 1155 Boethius

242 1181 396 1218 inducit
424 1192 505 1218 non
535 1190 761 1228 congruam
791 1191 887 1218 esse
915 1191 993 1218 nec
1020 1191 1111 1218 eum
1151 1182 1380 1219 secundum
1418 1192 1464 1219 se
1503 1192 1594 1219 eam
1632 1192 1803 1228 ponere.
1844 1183 1918 1218 sed

243 1247 376 1293 magis
404 1247 631 1284 secundum
660 1248 777 1284 alios.
805 1248 914 1292 quod
944 1257 1019 1293 per
1045 1257 1136 1284 eam
1167 1248 1341 1284 innuere
1364 1248 1613 1284 videbantur
1634 1248 1918 1293 oppositorum

244 1322 394 1350 nomen
423 1313 592 1358 generis
629 1313 719 1349 loco
748 1313 950 1358 praeponi
979 1315 1174 1358 quattuor
1211 1313 1272 1349 his
1309 1314 1441 1349 modis
1478 1323 1582 1359 quos
1612 1313 1920 1350 Aristoteles

243 1381 465 1424 computat.
494 1379 571 1415 hoc
599 1381 663 1415 est
690 1379 742 1415 de
770 1379 847 1415 illis
870 1379 1047 1415 univoce
1070 1379 1159 1418 dici.
1182 1388 1265 1415 non
1288 1379 1532 1424 aequivoce.
1586 1379 1627 1415 In
1650 1389 1731 1424 quo
1754 1379 1921 1424 quidem

244 1446 285 1480 et
312 1453 400 1480 nos
429 1453 508 1479 non
539 1443 819 1481 dissentimus.
847 1443 943 1488 quia
979 1453 1103 1480 unam
1141 1443 1426 1489 oppositorum
1465 1443 1789 1489 descriptionem
1826 1453 1921 1480 esse

244 1507 480 1545 <diximus1>.
508 1517 630 1552 quam
661 1517 736 1544 nos
764 1511 942 1552 supra-¹
975 1508 1051 1544 sub
1087 1507 1363 1543 disiunctione
1392 1508 1586 1552 quattuor
1613 1507 1921 1552 oppositionum

244 1573 562 1619 assignavimus.
609 1573 689 1608 Aut
726 1572 906 1609 fortasse
941 1572 1021 1609 alia
1049 1574 1186 1617 potest
1215 1582 1312 1609 esse
1340 1573 1660 1609 convenientior
1687 1572 1922 1618 descriptio.

243 1639 338 1676 licet
365 1648 442 1675 nos
470 1639 721 1684 ignoremus.

386 1702 433 1739 Et
459 1702 728 1739 notandum
757 1703 866 1748 quod
894 1703 1000 1738 haec
1029 1702 1196 1739 divisio:
1226 1702 1419 1748 opposita
1447 1703 1538 1741 alia,
1567 1704 1609 1738 ut
1628 1702 1816 1739 relativa.
1840 1702 1923 1738 alia

245 1771 287 1805 ut
314 1768 523 1805 contraria
552 1769 626 1804 etc.
656 1767 772 1804 vocis
800 1767 838 1803 in
862 1767 1008 1804 modos
1031 1777 1125 1804 esse
1149 1769 1297 1813 potest,
1320 1767 1415 1813 quia
1437 1767 1592 1804 diversi
1613 1767 1921 1813 oppositionum

244 1832 354 1869 modi
382 1833 420 1868 in
451 1831 729 1868 dividentibus
757 1831 1036 1877 assignantur.
1090 1830 1188 1868 Cum
1213 1831 1408 1868 videlicet
1429 1831 1578 1867 dicitur
1599 1831 1803 1876 quaedam
1827 1840 1922 1868 esse

246 1898 439 1944 opposita
466 1898 517 1933 ad
546 1898 711 1934 modum
740 1897 1019 1937 relativorum,
1057 1897 1096 1933 id
1124 1899 1188 1933 est
1216 1898 1294 1933 hoc
1321 1896 1445 1933 modo
1474 1896 1583 1943 quod
1612 1898 1707 1933 sunt
1734 1896 1921 1937 relativa.

245 1966 286 2001 et
312 1966 453 2000 cetera
481 1972 589 2008 quae
617 1963 757 1999 omnia
784 1963 862 1999 hoc
888 1963 980 1999 loco
1009 1964 1105 1999 sunt
1133 1963 1301 1999 nomina
1322 1972 1471 1999 vocum
1493 1962 1780 1999 accidentalia.
1802 1971 1923 1998 voca·

244 2028 341 2065 bula
377 2029 472 2064 sunt
508 2037 532 2063 a
565 2026 812 2072 quibusdam
846 2027 1171 2072 proprietatibus
1204 2036 1353 2064 vocum
1395 2027 1569 2072 sumpta.
1623 2026 1705 2063 Sed
1743 2026 1778 2062 si
1818 2025 1923 2062 acci·

245 2092 381 2129 dentis
413 2092 454 2128 in
488 2091 723 2128 accidentia
757 2091 842 2130 fuit,
882 2091 921 2127 in
964 2100 1014 2127 eo
1053 2091 1234 2127 fortasse
1270 2090 1510 2137 irregularis
1549 2090 1637 2131 erit,
1672 2090 1782 2135 quod
1822 2089 1923 2126 reci-

246 2156 410 2203 procari
436 2166 520 2193 non
547 2158 696 2202 potest.
725 2155 831 2192 sicut
859 2158 899 2192 et
925 2156 1024 2192 ista:
1052 2155 1209 2192 risibile
1237 2155 1348 2192 aliud
1377 2155 1449 2195 vir.
1477 2155 1587 2191 aliud
1613 2154 1780 2191 femina.

389 2221 455 2258 Sic
481 2220 695 2257 continua:
724 2220 784 2256 De
812 2220 1035 2266 propositis
1064 2219 1287 2266 generibus
1315 2229 1422 2265 quae
1451 2219 1627 2256 dicenda
1656 2219 1785 2259 erant,
1813 2218 1925 2254 dicta

247 2288 352 2323 sunt.
405 2285 519 2322 Nunc
546 2295 646 2322 vero
675 2285 895 2322 dicendum
924 2288 1005 2321 est:
1041 2285 1244 2329 Quotiens
1270 2285 1405 2321 solent
1434 2285 1639 2330 opponi-¹⁴.
1668 2284 1708 2320 id
1737 2285 1799 2320 est
1826 2285 1925 2329 quot

247 2350 381 2387 modis
417 2350 675 2395 accipiantur
709 2349 913 2395 opposita.
965 2349 1012 2385 Et
1047 2349 1184 2386 statim
1225 2349 1409 2385 ostendit
1452 2358 1667 2385 numerum
1708 2347 1923 2384 modorum

248 2415 392 2452 dicens
420 2415 593 2452 alterum
617 2415 770 2460 opponi
790 2415 910 2451 alteri
932 2414 1267 2460 quadrupliciter.
1291 2415 1329 2451 id
1352 2416 1415 2451 est
1437 2415 1633 2459 quattuor
1653 2413 1797 2454 modis.
1819 2421 1925 2458 quos

248 2480 411 2526 quidem
443 2479 588 2516 modos
616 2489 712 2516 mox¹
742 2481 959 2515 enumerat
992 2479 1154 2516 dicens:
1192 2480 1274 2515 An!
1310 2479 1437 2515 enim.
1489 2477 1536 2514 Et
1573 2480 1637 2515 est
1673 2477 1864 2524 probatio
1901 2486 1924 2513 a

215 2564 228 2585 a
249 2547 380 2592 parte.
408 2544 518 2589 quod
545 2544 702 2581 scilicet
730 2546 926 2590 quattuor
952 2544 1086 2581 modis
1114 2544 1306 2581 dicuntur
1332 2544 1538 2590 opposita.
1567 2544 1663 2589 quia
1697 2543 1785 2579 istis
1812 2544 1925 2588 quat-

249 2611 352 2647 tuor.
422 2608 503 2645 Sed
550 2617 642 2644 cum
689 2609 842 2644 nullum
879 2608 1114 2654 oppositum
1152 2611 1344 2654 respectu
1391 2607 1563 2644 alterius
1609 2607 1685 2644 hos
1732 2608 1927 2652 quattuor

250 2674 526 2721 oppositionis
566 2674 744 2712 <habeat
784 2674 965 2712 modos).
1006 2673 1215 2719 quomodo
1243 2673 1341 2710 dicit
1378 2673 1552 2710 alterum
1589 2672 1707 2709 alteri
1744 2670 1926 2718 opponi‘.)

250 2739 583 2785 Quadrupliciter
609 2739 797 2784 profecto
825 2739 899 2775 sub
927 2739 1206 2776 disiunctione
1234 2738 1366 2784 accipi
1400 2740 1550 2784 potest.
1588 2747 1637 2774 ac
1673 2737 1707 2773 si
1743 2737 1924 2773 dicatur:

251 2815 302 2843 ea
329 2815 437 2851 quae
466 2805 642 2841 invicem
671 2806 766 2840 sunt
793 2804 997 2850 opposita.
1026 2804 1092 2841 vel
1130 2806 1171 2840 ut
1208 2804 1383 2840 relativa
1420 2805 1516 2839 sunt
1551 2802 1745 2848 opposita
1779 2801 1845 2838 vel
1882 2802 1925 2838 ut

250 2871 459 2908 contraria
482 2873 557 2907 etc.
611 2869 728 2906 Unde
745 2872 785 2906 et
801 2869 888 2915 ipse
911 2869 1184 2906 disiunctivas
1200 2868 1517 2905 coniunctiones
1540 2867 1721 2913 apponit.
1772 2866 1926 2903 Poterit

393 3001 412 3032 2
440 2998 586 3038 rationi}
606 2998 774 3031 relationi
796 2998 820 3030 A
937 2998 979 3029 3ss
1008 2997 1078 3030 Sed
1099 2995 1196 3037 cum]
1215 2996 1274 3029 Sic
1295 2997 1336 3030 A.
1361 2996 1465 3029 locus
1487 2996 1692 3036 corruptus
1791 2996 1834 3027 :38
1855 2995 1926 3026 dis-

250 3056 449 3098 iunctione]
482 3060 515 3094 -ζν
548 3058 593 3091 ad
620 3058 650 3091 A

396 3129 403 3151 ¹
433 3130 582 3163 Boeth.
600 3130 620 3162 I.
637 3140 676 3165 e..
695 3138 726 3170 p.
744 3128 810 3161 278
828 3128 862 3159 Η.
956 3127 970 3149 2'
999 3127 1049 3160 Cr.
1066 3135 1189 3169 supra
1204 3136 1238 3169 p.
1255 3127 1355 3160 262⁹.
1448 3125 1463 3146 ³
1484 3126 1632 3159 Boeth.
1656 3126 1676 3158 1.
1691 3134 1730 3161 c..
1755 3134 1788 3166 p.
1805 3125 1870 3157 264
1888 3125 1924 3157 Β.
