2200 3387
178 916 209 940 10

178 1248 208 1273 15

175 1574 210 1599 20

177 1907 211 1932 25

454 226 484 256 2.
515 225 578 256 ilie
606 224 763 257 (J'losscn
792 234 834 257 zu
863 226 931 257 den
963 225 1196 265 Kutvgorivn.
1230 242 1265 245 --
1300 224 1349 256 in·
1377 225 1671 256 denominativis.
1836 222 1894 255 131

229 321 423 358 videlicet
461 322 516 357 ita
549 322 725 358 futurum
761 323 885 359 esset.
920 322 1028 366 quod
1063 321 1200 357 adhuc
1233 321 1324 356 sine
1366 331 1487 366 pomo
1528 324 1652 357 esset.
1707 321 1824 357 l'nde
1862 321 1899 356 in

229 385 316 421 istis
351 386 612 431 opponendis
646 386 710 421 vel
745 385 958 422 solvendis
993 385 1235 422 Boethius
1277 385 1409 429 magis
1443 388 1627 420 secutum
1664 395 1760 420 esse
1801 385 1902 430 opi·

228 451 424 487 nionem
441 451 631 487 volumus
648 460 769 496 quani
793 451 1059 488 rationem,
1082 450 1234 495 quippe
1257 450 1295 485 in
1314 450 1566 495 prioribus
1589 450 1901 489 commentis,

228 525 336 561 quae
363 516 415 552 ad
444 515 671 561 simplicem
701 515 860 552 rudium
890 515 1238 551 introductionem
1267 515 1422 559 scripta
1450 517 1555 554 sunt.
1590 515 1649 550 sic
1678 515 1900 551 indiscrete

229 581 409 617 omnium
439 581 552 626 ponit
579 581 820 620 sententias.
849 583 891 616 ut
918 581 956 616 in
987 581 1195 619 secundis,
1224 580 1319 625 quid
1343 580 1552 625 corrigere
1582 580 1722 625 possit,
1750 581 1902 616 discre-

229 646 328 682 tioni
357 656 459 683 suae
488 648 710 683 reservet1.
763 646 880 682 Unde
908 656 985 682 nec
1014 646 1182 682 multum
1212 646 1249 681 in
1279 645 1432 682 ceteris
1455 645 1568 681 libris
1592 645 1770 690 priorum
1795 655 1902 681 com·

230 714 461 748 mentorum
489 711 761 748 auctoritates
790 711 1029 749 insistimus.
1064 711 1131 747 ubi
1159 711 1318 747 scilicet
1352 711 1538 746 secunda
1571 713 1807 747 commenta
1835 711 1903 747 ha-

229 777 385 812 bemus.
437 776 541 812 Nihil
570 776 708 821 itaque
736 776 945 822 impediat,
980 777 1014 812 si
1048 776 1099 812 ad
1130 776 1207 812 hoc
1235 775 1477 812 Boethius
1516 776 1588 811 niti
1626 776 1826 814 videatur.
1861 778 1904 812 ut

229 842 307 878 hoc
327 842 380 877 sit
400 841 629 878 accidentis
655 842 852 883 definitIO,
881 841 1012 886 magis
1034 841 1272 886 opinionem
1295 851 1417 886 quam
1447 841 1666 877 veritatem
1694 841 1902 877 insistens.

373 906 471 942 Illud
508 916 673 952 quoque
706 917 816 943 nunc
849 907 1166 943 consideremus
1199 907 1309 952 quod
1346 906 1402 942 ait
1438 906 1546 942 idem
1583 906 1823 943 Boethius
1863 907 1900 942 in

228 972 378 1008 eodem
405 972 456 1008 de
492 972 569 1008 hac
596 972 851 1017 quadrifaria
879 972 1085 1008 divisione
1107 972 1283 1017 loquens
1296 975 1328 1008 ²:
1382 971 1459 1012 ,Ait
1486 972 1792 1008 Aristoteles
1821 982 1902 1008 non

228 1046 354 1083 posse
382 1037 473 1074 fieri
509 1037 709 1074 minorem
745 1038 822 1074 hac
850 1037 1105 1083 quadrifaria
1144 1037 1374 1079 divisione,
1409 1047 1500 1073 cum
1542 1039 1680 1073 tamen
1721 1038 1904 1074 minores

228 1103 310 1139 sint
337 1104 535 1148 quantum
563 1103 614 1139 ad
643 1113 766 1139 unum
796 1103 1074 1139 membrorum
1102 1103 1197 1139 illae
1225 1103 1333 1139 duae
1357 1103 1530 1139 bifariae
1552 1112 1606 1139 ex
1628 1103 1776 1148 quibus
1799 1104 1904 1139 hanc

228 1168 523 1214 quadrifariam
552 1169 667 1205 nasci
696 1169 1032 1205 monstravimus.
1084 1168 1162 1205 Ubi
1190 1169 1314 1205 etiam
1342 1169 1399 1205 ait
1426 1178 1508 1204 non
1542 1178 1668 1214 posse
1703 1169 1902 1205 maiorem

229 1234 307 1270 hac
334 1234 583 1271 divisionem
610 1234 786 1270 inveniri
814 1244 921 1280 quae
949 1243 1085 1270 rerum
1108 1234 1314 1270 vocabula
1335 1234 1375 1270 in
1398 1234 1541 1270 decem
1565 1234 1906 1279 praedicamenta

229 1299 445 1338 distribuit.
473 1302 666 1345 respectu
694 1300 810 1336 cuius
845 1299 1045 1336 denariae
1083 1299 1298 1335 divisionis
1337 1299 1443 1335 hanc
1481 1299 1776 1344 quadrifariam
1814 1309 1906 1345 par-

229 1365 443 1401 vissimam
483 1368 616 1401 vocat.
669 1365 747 1406 Qui
783 1365 823 1401 in
860 1367 1036 1410 utroque
1075 1365 1206 1401 falsus
1243 1365 1416 1401 videtur.
1470 1364 1512 1401 Si
1546 1364 1656 1401 enim
1697 1375 1771 1410 pro
1813 1365 1906 1401 sub-

230 1430 383 1467 stantia
410 1430 574 1475 species
603 1430 865 1467 substantiae
894 1440 1058 1476 ponam,
1087 1430 1231 1466 dicens
1259 1430 1417 1466 80111001
1443 1430 1802 1475 incomplexorum
1824 1430 1906 1466 alia

230 1495 466 1541 significare
500 1506 661 1542 corpus,
695 1496 777 1532 alia
809 1496 1008 1541 spiritum,
1045 1496 1127 1532 alia
1163 1495 1437 1541 quantitatem
1471 1497 1560 1535 etc..
1597 1497 1736 1541 potest
1775 1496 1907 1532 maior

230 1560 380 1597 divisio
406 1560 508 1603 fieri,
537 1561 612 1598 sed
640 1571 722 1598 non
751 1561 940 1599 inveniri.
975 1561 1071 1606 quia
1104 1561 1264 1598 scilicet
1297 1561 1407 1597 nulla
1441 1561 1574 1597 maior
1609 1561 1819 1597 invenitur
1854 1562 1905 1597 ab

229 1626 469 1663 auctoribus
498 1626 712 1672 disposita.
764 1626 841 1662 Vel
868 1627 993 1662 etiam
1019 1626 1061 1662 in
1088 1627 1167 1662 hoc
1194 1626 1394 1662 maiorem
1429 1626 1519 1662 fieri
1553 1635 1768 1671 negamus,
1796 1626 1906 1671 quod

229 1691 319 1728 istis
345 1692 490 1728 decem
525 1691 721 1728 membris
756 1692 936 1728 inventis
972 1692 1236 1728 undecimum
1273 1692 1369 1728 addi
1406 1701 1489 1728 non
1527 1691 1734 1728 convenit.
1787 1690 1906 1732 Quod

231 1766 332 1793 vero
366 1757 545 1793 diximus
580 1757 759 1794 eundem
796 1748 896 1793 dare
933 1757 1136 1793 minorem
1173 1757 1431 1798 divisionem,
1472 1766 1498 1793 a
1534 1757 1787 1802 quadrifaria
1823 1766 1905 1793 non

230 1830 357 1867 posse
383 1821 475 1857 fieri
502 1821 592 1867 ipse
620 1821 721 1858 satis
748 1821 1008 1862 determinat,
1037 1830 1128 1857 011111
1158 1821 1393 1866 supponit³:
1423 1821 1497 1859 ,his
1526 1822 1742 1865 quattuor‘,
1771 1821 1811 1856 id
1845 1822 1908 1857 est

232 1896 308 1933 per
333 1887 438 1923 haec
472 1888 666 1932 quattuor
699 1887 894 1925 membra.
932 1896 1039 1932 quae
1077 1888 1189 1923 sunt:
1230 1895 1327 1922 esse
1367 1887 1407 1922 in
1444 1886 1644 1927 subiecto,
1681 1895 1763 1922 11011
1800 1895 1906 1924 0880,

184 1970 189 1973 -
230 1951 310 1987 (1101
337 1951 388 1987 de
415 1951 614 1990 subiecto,
648 1961 731 1987 non
765 1950 856 1987 dici.
908 1950 1134 1987 Possumus
1169 1952 1309 1987 autem
1348 1951 1453 1986 haec
1489 1952 1684 1995 quattuor
1720 1950 1907 1986 membra

177 2227 212 2252 30

179 2551 213 2576 :35

230 2017 271 2052 in
303 2026 387 2053 una
419 2016 623 2052 divisione
660 2016 780 2052 simul
814 2025 972 2062 ponere
1006 2025 1084 2052 nec
1124 2018 1262 2052 tamen
1303 2016 1581 2052 sufficientem
1621 2025 1714 2052 eam
1753 2016 1906 2052 facere.

230 2081 357 2118 veluti
384 2082 418 2118 si
440 2082 690 2118 diceremus:
719 2082 1048 2118 substantialium
1071 2081 1283 2117 nominum
1306 2081 1348 2118 al
1363 2081 1408 2117 ia
1429 2081 1622 2118 dicuntur
1641 2081 1691 2117 de
1717 2081 1906 2117 subiecto

231 2148 272 2182 et
299 2147 395 2182 sunt
421 2146 461 2182 in
490 2145 690 2187 subiecto,
718 2146 816 2182 alia
843 2155 979 2191 neque
1007 2146 1198 2182 dicuntur
1225 2146 1276 2182 de
1305 2145 1492 2182 subiecto
1521 2155 1599 2182 nec
1628 2147 1723 2190 sunt
1750 2145 1790 2181 in
1813 2146 1907 2182 sub-

233 2211 352 2252 iecto,
380 2211 531 2257 quippe
560 2211 682 2247 homo
711 2211 883 2248 ethaeo
919 2212 1081 2250 albedo.
1117 2220 1224 2256 quae
1258 2212 1334 2247 sub
1375 2211 1536 2247 duobus
1576 2211 1668 2247 aliis
1710 2210 1906 2247 membris

232 2276 511 2322 quadrifariae
539 2276 754 2313 divisionis
782 2276 1057 2317 continentur,
1092 2278 1283 2313 neutrum
1317 2277 1484 2313 habent.
1537 2276 1656 2316 Quod
1684 2276 1824 2321 itaque
1851 2276 1909 2312 ait

233 2350 306 2387 per
333 2341 437 2378 haec
463 2343 659 2387 quattuor
685 2343 872 2378 membra
899 2351 982 2378 non
1009 2351 1136 2387 posse
1165 2342 1257 2378 fieri
1285 2341 1486 2378 minorem
1509 2341 1769 2379 divisionem.
1798 2351 1906 2386 quae

233 2405 393 2442 scilicet
418 2406 590 2442 totidem
617 2406 840 2447 contineat,
869 2416 1013 2443 verum
1041 2408 1116 2447 est,
1146 2407 1242 2451 quia
1268 2416 1361 2443 011111
1388 2407 1494 2442 haec
1521 2407 1716 2451 quattuor
1750 2406 1789 2442 in
1827 2415 1909 2442 una

233 2470 435 2507 divisione
463 2481 678 2516 ponamus.
712 2472 793 2508 nisi
820 2472 876 2508 ita
904 2482 955 2508 ea
981 2472 1034 2508 ad
1061 2472 1263 2508 minorem
1297 2471 1612 2518 coniungamus.
1646 2473 1689 2507 ut
1716 2471 1910 2507 Aristo-

234 2536 364 2574 teles
392 2535 499 2577 facit,
527 2546 610 2572 non
638 2537 715 2573 erit
742 2537 955 2573 sufficiens
982 2537 1143 2576 divisio.
1181 2537 1259 2573 nisi
1297 2537 1456 2573 scilicet
1492 2536 1583 2575 ,dici
1620 2537 1671 2573 de
1709 2537 1907 2573 8111110010δ

234 2601 452 2647 iungamus
480 2610 572 2637 011111
607 2611 716 2641 ,0880
744 2602 783 2638 111
812 2602 999 2639 8111110010
1034 2604 1075 2638 01
1107 2612 1190 2638 11011
1225 2606 1332 2639 0880*
1371 2604 1411 2638 01
1447 2612 1591 2638 rursus
1629 2611 1723 2641 ,non
1752 2602 1829 2638 dici
1858 2602 1908 2637 de

234 2666 433 2702 subiecto·
462 2667 704 2711 copulemus
731 2677 823 2703 cum
852 2677 958 2707 ,0880
986 2668 1026 2703 111
1054 2667 1243 2704 subiecto
1272 2669 1313 2704 et
1340 2677 1423 2703 non
1452 2672 1574 2703 esse‘.

378 2731 476 2767 illud
504 2731 627 2768 etiam
660 2731 808 2768 falsum
842 2732 1006 2769 videtur
1039 2733 1149 2777 quod
1186 2733 1244 2769 ait
1276 2733 1547 2769 Boethius⁴
1582 2732 1907 2768 Aristotelem

235 2794 453 2840 collegisse
475 2794 774 2832 multitudinem
797 2796 976 2832 omnium
1000 2805 1239 2832 sermonum
1261 2796 1300 2832 in
1323 2796 1401 2832 hac
1417 2795 1672 2841 quadrifaria
1693 2795 1909 2832 divisione.

381 2924 416 2954 11
450 2921 684 2962 Aristoteles]
713 2932 758 2955 au
789 2924 815 2954 A
941 2924 982 2956 22
1012 2923 1167 2956 revertis
1201 2925 1238 2955 ut
1265 2923 1443 2955 decimum
1473 2923 1500 2955 Α
1619 2923 1662 2953 33
1690 2919 1787 2962 cum]
1814 2923 1852 2954 ut
1881 2922 1907 2952 Α

378 2992 388 3015 ¹
418 2993 469 3026 Cr.
498 3001 619 3034 supra
648 2994 685 3026 in
716 2994 862 3027 Glossis
888 3003 1005 3035 super
1031 2995 1302 3035 Porphyrium,
1331 3003 1363 3034 p.
1392 2993 1491 3026 96¹¹.

376 3051 391 3074 ²
417 3053 567 3086 Boeth.
596 3053 618 3085 l.
640 3062 679 3090 c.,
708 3062 740 3094 p.
766 3053 831 3086 169
848 3053 887 3086 D.
1009 3052 1024 3074 ⁸
1051 3054 1201 3086 Boeth.
1224 3054 1245 3086 l.
1269 3062 1319 3086 c.:
1346 3054 1433 3085 Cum
1457 3055 1578 3085 autem
1603 3053 1638 3085 in
1660 3053 1716 3085 his
1740 3054 1912 3093 quattuor

237 3113 369 3145 divisio
398 3113 495 3145 lacta
522 3114 588 3145 est.
729 3111 742 3134 ⁴
771 3113 919 3145 Boeth.
949 3113 970 3144 1.
999 3122 1039 3150 c.,
1068 3122 1101 3153 p.
1133 3114 1197 3145 169
1213 3113 1250 3145 C.
