2200 3387
158 563 292 598 Boetll.

128 621 162 653 p.
176 610 246 645 2:32
262 610 292 644 l)

321 235 387 269 214
721 236 824 267 l'cter
853 235 1054 267 :lbaelards
1082 235 1214 275 Logicn
1244 234 1567 275 lugi-odientibus:

321 332 512 378 superius
540 333 591 368 de
619 332 784 368 animali
819 334 859 367 et
892 331 1021 367 scibili
1055 334 1094 366 et
1133 330 1319 366 scientia.
1370 330 1545 365 Sublato
1572 330 1698 365 enim.
1751 329 1881 365 Locus
1918 331 1981 364 est

321 399 373 433 ab
401 397 615 443 oppositis.
643 407 691 433 ac
719 397 752 433 si
780 397 952 433 diceret:
995 396 1101 431 Vere
1139 405 1289 431 sensus
1328 404 1408 430 non
1447 395 1609 439 perimit
1643 394 1850 430 sensibile.
1887 393 1982 438 quia

322 461 477 497 scilicet
517 470 641 496 sensu
683 462 897 506 perempto
939 459 1169 495 remanebit
1209 458 1417 494 sensibile.
1475 458 1536 493 Ad
1577 458 1683 502 quod
1725 457 1981 502 probandum

322 526 458 562 statim
487 527 773 571 argumentum
802 525 1026 570 praemittit
1054 524 1162 568 quod
1191 524 1271 559 iam
1299 523 1524 558 docuimus.

459 591 660 635 Amplius
684 600 830 626 sensus
856 590 1038 634 quidem.
1091 588 1209 624 Redit
1228 588 1279 624 ad
1301 587 1395 623 illud
1419 587 1528 632 quod
1550 597 1675 631 supra
1697 587 1845 626 docuit,
1873 587 1982 631 quod
2004 591 2019 615 5

322 654 479 690 seilicet
515 654 712 690 sensibile
747 655 859 698 prius
895 655 956 688 est
994 662 1114 697 quam
1153 661 1314 688 sensus.
1356 653 1396 687 et
1429 651 1506 686 hoc
1542 651 1688 687 iterum
1722 651 1869 695 probat
1907 650 1985 686 hoc

324 719 463 755 modo:
501 720 657 755 Sensus
693 718 811 754 simul
847 720 909 753 est
936 727 1025 753 cum
1065 718 1246 753 sensato.
1284 717 1392 761 quod
1429 716 1482 751 ibi
1523 718 1604 751 est:
1643 726 1789 751 sensns
1815 715 1982 759 quidem

322 784 453 820 sc'nml
480 794 573 820 cum
602 786 780 819 sensam.
834 783 913 819 Sed
942 782 1138 818 sensibile
1166 781 1279 826 prius
1308 783 1371 817 est
1399 790 1519 825 quam
1541 782 1764 817 sensatum.
1793 780 1902 825 qnod
1923 782 1987 816 est

324 849 395 885 ibi:
422 849 625 885 Sensibile
655 858 748 883 vero
778 850 852 883 etc.
906 848 1042 887 Quare
1071 847 1182 892 prius
1211 849 1274 881 est
1296 845 1490 882 sensibile
1513 855 1636 890 quam
1658 854 1820 881 sensus,
1869 844 1986 884 Quod

325 913 571 959 supponitur
598 913 667 949 ibi:
706 913 846 956 Quare
877 913 1002 957 prius
1035 922 1163 953 quam
1200 921 1346 947 sensus
1380 912 1454 946 etc.
1505 910 1663 955 Regula
1689 910 1792 945 talis.
1845 909 1886 945 Si
1919 909 1989 945 ali·
2012 910 2040 934 ¹⁰

325 978 420 1024 quid
449 978 690 1014 naturaliter
717 977 891 1013 alterum
920 976 1138 1012 comitatur
1165 978 1204 1011 et
1232 975 1383 1020 aliquid
1410 975 1524 1020 prius
1552 975 1605 1010 sit
1627 984 1717 1010 uno.
1746 975 1853 1010 idem
1875 973 1987 1019 prius

326 1045 387 1079 est
414 1043 556 1079 altero.
609 1042 829 1078 Sensatum
862 1044 962 1077 vero
997 1043 1037 1076 et
1069 1050 1219 1077 sensus
1252 1040 1371 1076 simul
1409 1041 1662 1084 permanent,
1700 1039 1809 1083 quod
1845 1038 1986 1074 statim

327 1108 485 1153 probat.
506 1117 596 1143 cum
620 1107 830 1152 supponit:
858 1107 997 1143 Sitnnl
1019 1106 1131 1141 em‘m
1155 1106 1324 1141 areium!
1345 1106 1389 1141 li!
1411 1107 1447 1140 et
1467 1114 1621 1140 sensus.
1651 1104 1683 1139 A
1700 1104 1797 1149 pari.
1827 1103 1988 1139 Animal

326 1182 505 1217 namque
534 1174 575 1209 et
597 1174 822 1208 sensatum.
850 1172 888 1207 id
910 1174 974 1207 est
994 1170 1090 1207 illud
1111 1171 1152 1206 in
1177 1180 1257 1215 quo
1280 1173 1343 1206 est
1365 1170 1606 1206 exercitium
1631 1169 1847 1206 sentiendi.
1870 1168 1989 1213 paria

327 1240 430 1274 sunt.
485 1238 601 1281 Iunis
627 1237 752 1273 enim.
805 1237 954 1273 Probat
981 1246 1005 1272 a
1031 1238 1150 1281 parte
1179 1238 1218 1271 et
1246 1246 1269 1270 a
1294 1235 1382 1280 pari
1404 1235 1630 1270 secundam
1652 1234 1988 1278 propositionem,
2015 1240 2043 1263 ¹5

328 1303 438 1349 quod
465 1303 623 1339 scilicet
651 1302 847 1339 sensibile
876 1302 989 1347 prius
1018 1303 1080 1337 est
1107 1310 1228 1346 quam
1257 1302 1478 1336 sensatum.
1507 1299 1603 1344 quia
1631 1288 1788 1335 scilicet
1814 1298 1928 1342 iunio·
1954 1300 1989 1334 et

328 1379 442 1414 aqua
473 1371 508 1403 et
536 1368 627 1404 alia
658 1368 865 1403 elementa
892 1377 938 1402 es
964 1367 1118 1412 quibus
1145 1366 1314 1401 ‹mz'nml
1342 1367 1517 1405 constal,
1551 1365 1676 1409 prius
1702 1365 1799 1399 sant
1828 1364 1992 1399 natura-

330 1435 432 1475 liter,
460 1443 589 1479 quam
619 1433 672 1469 sit
701 1432 893 1473 οηιηίηο,
926 1432 965 1467 id
994 1433 1057 1467 est
1093 1432 1290 1476 profecto.
1329 1430 1401 1475 [inl
1439 1432 1583 1465 natura
1621 1428 1820 1464 animalis.
1869 1427 1992 1464 Nota

331 1501 481 1540 autem,
509 1498 618 1543 quod
645 1497 954 1549 Porphyrius
983 1499 1088 1532 teste
1116 1496 1351 1532 Boctliio¹
1382 1495 1509 1530 voluit
1540 1494 1681 1530 scibile
1711 1496 1750 1529 et
1777 1493 1991 1529 scientiam

330 1566 371 1600 ct
398 1563 594 1600 sensibile
623 1564 663 1598 et
690 1572 858 1599 sensum
888 1562 1007 1597 simul
1028 1572 1129 1597 esse
1157 1561 1197 1597 in
1226 1562 1382 1596 natura.
1436 1560 1501 1595 Ait
1534 1559 1654 1595 enim.
1691 1559 1799 1603 quod
1841 1558 1874 1593 si
1910 1567 1992 1593 non
2013 1562 2046 1586 ‘20

331 1629 383 1665 sit
405 1628 580 1665 scientia
594 1627 735 1663 habita
756 1627 807 1663 de
829 1627 966 1671 aliqua
987 1636 1043 1663 re.
1066 1626 1157 1671 ipsa
1178 1626 1342 1670 quidem
1365 1635 1432 1660 res
1453 1633 1549 1660 esse
1572 1625 1745 1668 poterat.
1768 1622 1843 1659 sed
1861 1625 1992 1664 <non>

331 1695 406 1730 sub
435 1692 486 1730 ea
513 1693 767 1739 proprietate
796 1692 905 1737 quod
934 1691 986 1727 sit
1013 1691 1178 1728 scibiHs.
1231 1690 1330 1726 Cum
1359 1690 1465 1726 enim
1489 1684 1578 1725 vnon
1605 1689 1657 1724 sit
1684 1687 1859 1724 scientia
1886 1697 1992 1732 quac

332 1759 428 1795 illud
455 1758 588 1804 possit
615 1757 984 1803 comprehendere.
1018 1756 1111 1802 ipsa
1139 1765 1302 1800 quoque
1335 1764 1402 1790 res
1430 1754 1525 1790 sciri
1561 1764 1644 1789 non
1681 1753 1841 1798 poterit.
1893 1752 1994 1788 Nam

331 1824 522 1870 quicquid
551 1823 687 1859 scitur.
716 1822 891 1858 scientia
918 1822 1045 1857 scitur
1072 1824 1111 1857 et
1139 1820 1330 1866 quicquid
1360 1822 1496 1865 potest
1524 1819 1630 1856 sciri.
1658 1818 1831 1854 scientia
1858 1818 1996 1862 potest

332 1889 438 1925 sciri.
467 1888 548 1925 Sed
569 1889 603 1924 si
626 1889 731 1924 bene
754 1897 922 1923 sensum
939 1886 1203 1932 Porphyrii
1225 1886 1487 1931 attendamus
1503 1885 1617 1920 iuxta
1633 1881 1993 1930 verbassoethii.
2015 1884 2049 1909 ‘25

334 1964 415 1991 non
443 1956 507 1990 est
534 1953 798 1990 Aristoteli
826 1953 1069 1989 contrarius.
1098 1961 1187 1987 cnm
1214 1951 1269 1987 ait
1291 1951 1432 1986 scibile
1455 1960 1536 1985 non
1557 1950 1668 1994 prius
1691 1958 1787 1984 esse
1810 1947 1994 1984 scientia.

334 2018 556 2054 Scientiam
585 2017 694 2053 enim
722 2017 842 2052 aliter
868 2016 1028 2060 accepit
1056 2025 1177 2060 quam
1200 2015 1455 2050 Aristoteles.
1484 2014 1614 2058 ipsam
1636 2012 1828 2048 videlicet
1849 2011 1996 2047 scibili-

335 2085 460 2120 tatem
488 2092 595 2127 quae
623 2082 721 2118 facit
747 2081 903 2117 scibile.
955 2080 1072 2116 Unde
1101 2080 1381 2115 Boctliius2:
1423 2078 1480 2114 Et
1516 2078 1815 2123 quodcumque.
1856 2076 1995 2121 inquit,

336 2148 432 2184 sciri
458 2147 589 2193 possit
615 2156 689 2192 per
716 2148 917 2182 naturam.
945 2154 1168 2190 numquam
1196 2146 1339 2189 posset
1366 2143 1550 2188 adipisci,
1579 2142 1658 2177 nisi
1680 2141 1769 2177 eius
1791 2141 1995 2186 quaedam

336 2214 376 2250 in
404 2216 551 2249 natura
585 2212 758 2248 scientia
786 2213 1044 2247 versaretur
1098 2210 1197 2245 Cum
1235 2209 1343 2244 enim
1384 2208 1484 2244 dixit
1521 2207 1707 2247 ,scientia
1746 2207 1787 2241 in
1824 2208 1994 2246 natura,
2016 2211 2050 2235 2⁵0

337 2278 580 2314 tantundem
608 2276 745 2312 valuit.
774 2278 972 2321 quantum
1000 2275 1034 2310 si
1063 2274 1236 2310 dixisset
1263 2273 1489 2318 potentiam
1512 2272 1681 2308 sciendi.
1710 2280 1815 2316 quae
1838 2272 1903 2306 est
1923 2270 1998 2306 sci-

337 2343 483 2380 bilitas.
512 2352 593 2387 qua
620 2342 783 2388 quidem
813 2340 998 2386 potentia
1031 2340 1171 2376 scibile
1199 2339 1312 2384 prius
1346 2348 1428 2374 non
1466 2341 1539 2373 est.
1578 2337 1755 2381 ideoque
1783 2336 1998 2380 Porphy-

338 2409 438 2444 rius
467 2408 518 2444 ad
546 2407 809 2443 scibilitatem
838 2406 970 2442 minus
999 2414 1119 2450 quani
1149 2405 1198 2440 ad
1230 2403 1444 2440 scientiam
1480 2402 1622 2438 scibile
1656 2401 1802 2437 referri
1834 2400 1997 2438 iudicat.

338 2483 419 2509 non
448 2475 586 2509 tamen
614 2472 707 2508 ideo
735 2481 834 2507 vere
863 2471 1077 2506 relativum
1107 2480 1203 2505 esse
1240 2469 1464 2505 astruebat.
1515 2468 1710 2503 Fortasse
1747 2467 1886 2502 autem
1922 2474 1999 2501 nec

338 2536 638 2573 inconveniens
667 2537 741 2572 est.
770 2535 803 2570 si
832 2534 1065 2570 sententiae
1093 2543 1213 2578 quam
1241 2532 1413 2568 forsitan
1443 2531 1748 2567 Aristoteles
1771 2529 1997 2566 secundum
2018 2535 2052 2559 211·

339 2602 442 2638 alios
488 2610 651 2646 quoque
697 2600 822 2646 ponit.
869 2599 1099 2635 contrarius
1145 2598 1389 2634 inveniatur.
1451 2596 1562 2632 Sicut
1608 2595 1716 2631 enim
1756 2595 1864 2639 quod
1904 2593 2001 2629 dicit

341 2667 644 2703 Aristoteles
673 2665 815 2701 scibile
845 2665 894 2700 ad
924 2663 1141 2700 scientiam
1170 2663 1315 2699 referri
1351 2672 1399 2698 ac
1436 2671 1510 2706 per
1542 2662 1620 2696 hoc
1647 2669 1747 2696 vere
1783 2658 1999 2695 relativum

342 2741 446 2768 esse.
474 2731 613 2776 opinio
642 2732 715 2767 est.
750 2730 805 2765 ita
833 2730 1004 2765 forsitan
1031 2731 1071 2763 et
1098 2729 1204 2772 quod
1233 2728 1289 2763 ait
1316 2726 1457 2763 scibile
1485 2726 1597 2771 prius
1626 2734 1718 2761 esse
1747 2723 1922 2760 scientia
1948 2722 1998 2758 ad

342 2807 463 2841 quam
490 2796 677 2832 refertur.
704 2795 841 2840 opinio
871 2797 970 2830 erat.
999 2803 1088 2829 curn
1113 2793 1305 2829 videlicet
1327 2791 1644 2828 convenientius
1667 2790 1717 2825 ad
1739 2788 1999 2825 scibilitatem

342 2862 486 2898 referri
513 2862 695 2899 deberet,
723 2863 765 2896 ut
793 2860 956 2895 dicebat
983 2858 1298 2903 Porphyrius.
2020 2852 2055 2877 4⁰

484 2990 501 3020 7
531 2986 691 3029 quidem]
719 2988 813 3027 quod
845 2988 870 3017 .l
991 2989 1009 3015 s
1043 2989 1194 3017 sensato
1223 2985 1348 3016 Iioetlz.
1377 2984 1492 3015 sensit
1520 2982 1546 3013 A
1664 2982 1704 3013 18
1740 2982 1941 3021 proiectum
1970 2979 1999 3010 11

343 3050 385 3080 29
414 3048 552 3080 addisci
577 3047 704 3079 Boelh.

486 3112 496 3133 ¹
525 3111 676 3145 Boeth.
706 3111 726 3142 I.
755 3120 794 3145 r..
824 3120 855 3153 1).
886 3111 950 3141 233
967 3110 1002 3141 Β.
1124 3109 1138 3130 ²*
1167 3108 1312 3141 Boetli.
1343 3107 1363 3138 Ι.
1392 3116 1430 3141 r..
1460 3115 1493 3147 p.
1523 3106 1588 3137 233
1602 3105 1669 3136 CD.
