<?xml version="1.0" encoding="UTF-8"?>
<!DOCTYPE html PUBLIC "-//W3C//DTD XHTML 1.0 Transitional//EN"
    "http://www.w3.org/TR/xhtml1/DTD/xhtml1-transitional.dtd">
<html xmlns="http://www.w3.org/1999/xhtml" xml:lang="en" lang="en">
 <head>
  <title>
</title>
<meta http-equiv="Content-Type" content="text/html;charset=utf-8" />
  <meta name='ocr-system' content='tesseract 3.04.00' />
  <meta name='ocr-capabilities' content='ocr_page ocr_carea ocr_par ocr_line ocrx_word'/>
</head>
<body>
  <div class='ocr_page' id='page_1' title='image "./philosophischesc01abeluoft_0033.png"; bbox 0 0 2200 3387; ppageno 0'>
   <div class='ocr_carea' id='block_1_1' title="bbox 761 192 1907 236">
    <p class='ocr_par' dir='ltr' id='par_1_1' title="bbox 761 192 1907 236">
     <span class='ocr_line' id='line_1_1' title="bbox 761 192 1907 236; baseline -0.001 -8"><span class='ocrx_word' id='word_1_1' title='bbox 761 198 788 228; x_wconf 83' lang='lat'>1.</span> <span class='ocrx_word' id='word_1_2' title='bbox 819 196 882 228; x_wconf 82' lang='lat' dir='ltr'>Die</span> <span class='ocrx_word' id='word_1_3' title='bbox 911 196 1065 228; x_wconf 79' lang='lat' dir='ltr'>Glossen</span> <span class='ocrx_word' id='word_1_4' title='bbox 1095 205 1137 228; x_wconf 80' lang='lat' dir='ltr'>zu</span> <span class='ocrx_word' id='word_1_5' title='bbox 1167 195 1398 236; x_wconf 63' lang='lat' dir='ltr'>Porphyrius.</span> <span class='ocrx_word' id='word_1_6' title='bbox 1867 192 1907 227; x_wconf 82' lang='lat'>17</span> 
     </span>
    </p>
   </div>
   <div class='ocr_carea' id='block_1_2' title="bbox 237 292 1907 534">
    <p class='ocr_par' dir='ltr' id='par_1_2' title="bbox 237 292 1907 534">
     <span class='ocr_line' id='line_1_2' title="bbox 237 292 1906 339; baseline 0 -11"><span class='ocrx_word' id='word_1_7' title='bbox 237 294 407 329; x_wconf 91' lang='lat' dir='ltr'>verbum</span> <span class='ocrx_word' id='word_1_8' title='bbox 431 302 530 329; x_wconf 83' lang='lat' dir='ltr'>vere</span> <span class='ocrx_word' id='word_1_9' title='bbox 554 295 690 339; x_wconf 88' lang='lat' dir='ltr'>potest</span> <span class='ocrx_word' id='word_1_10' title='bbox 710 293 916 337; x_wconf 79' lang='lat' dir='ltr'>coniungi.</span> <span class='ocrx_word' id='word_1_11' title='bbox 969 293 1060 338; x_wconf 86' lang='lat' dir='ltr'>lpsa</span> <span class='ocrx_word' id='word_1_12' title='bbox 1082 293 1204 328; x_wconf 91' lang='lat' dir='ltr'>etiam</span> <span class='ocrx_word' id='word_1_13' title='bbox 1229 293 1368 331; x_wconf 86' lang='lat' dir='ltr'>verba.</span> <span class='ocrx_word' id='word_1_14' title='bbox 1393 295 1434 328; x_wconf 93' lang='lat' dir='ltr'>ut</span> <span class='ocrx_word' id='word_1_15' title='bbox 1457 293 1603 331; x_wconf 74' lang='lat' dir='ltr'>‚curi-it·</span> <span class='ocrx_word' id='word_1_16' title='bbox 1628 296 1668 328; x_wconf 87' lang='lat' dir='ltr'>et</span> <span class='ocrx_word' id='word_1_17' title='bbox 1690 292 1906 330; x_wconf 69' lang='lat' dir='ltr'>ambulat.</span> 
     </span>
     <span class='ocr_line' id='line_1_3' title="bbox 237 358 1906 404; baseline -0.001 -9"><span class='ocrx_word' id='word_1_18' title='bbox 237 358 287 395; x_wconf 86' lang='lat' dir='ltr'>de</span> <span class='ocrx_word' id='word_1_19' title='bbox 329 359 512 404; x_wconf 88' lang='lat' dir='ltr'>pluribus</span> <span class='ocrx_word' id='word_1_20' title='bbox 548 358 790 403; x_wconf 86' lang='lat' dir='ltr'>praedicata</span> <span class='ocrx_word' id='word_1_21' title='bbox 823 358 902 393; x_wconf 75' lang='lat' dir='ltr'>vim</span> <span class='ocrx_word' id='word_1_22' title='bbox 945 358 1194 394; x_wconf 73' lang='lat' dir='ltr'>substantivi</span> <span class='ocrx_word' id='word_1_23' title='bbox 1231 358 1345 393; x_wconf 86' lang='lat' dir='ltr'>verbi</span> <span class='ocrx_word' id='word_1_24' title='bbox 1387 358 1424 393; x_wconf 92' lang='lat' dir='ltr'>in</span> <span class='ocrx_word' id='word_1_25' title='bbox 1466 358 1700 402; x_wconf 87' lang='lat' dir='ltr'>copulando</span> <span class='ocrx_word' id='word_1_26' title='bbox 1742 358 1906 393; x_wconf 77' lang='lat' dir='ltr'>liabent.</span> 
     </span>
     <span class='ocr_line' id='line_1_4' title="bbox 238 423 1906 467; baseline -0.001 -7"><span class='ocrx_word' id='word_1_27' title='bbox 238 424 354 460; x_wconf 78' lang='lat' dir='ltr'>Unde</span> <span class='ocrx_word' id='word_1_28' title='bbox 383 424 691 460; x_wconf 77' lang='lat' dir='ltr'>Aristoteles</span> <span class='ocrx_word' id='word_1_29' title='bbox 727 423 764 459; x_wconf 93' lang='lat' dir='ltr'>in</span> <span class='ocrx_word' id='word_1_30' title='bbox 801 423 907 459; x_wconf 82' lang='lat' dir='ltr'>Peri</span> <span class='ocrx_word' id='word_1_31' title='bbox 945 423 1230 459; x_wconf 79' lang='lat' dir='ltr'>ermeneias</span> <span class='ocrx_word' id='word_1_32' title='bbox 1265 424 1531 459; x_wconf 69' lang='lat' dir='ltr'>secundm:</span> <span class='ocrx_word' id='word_1_33' title='bbox 1571 424 1621 460; x_wconf 78' lang='lat' dir='ltr'>,ln</span> <span class='ocrx_word' id='word_1_34' title='bbox 1660 423 1730 459; x_wconf 76' lang='lat' dir='ltr'>liis,</span> <span class='ocrx_word' id='word_1_35' title='bbox 1768 423 1906 467; x_wconf 86' lang='lat' dir='ltr'>inquit.</span> 
     </span>
     <span class='ocr_line' id='line_1_5' title="bbox 238 489 1907 534; baseline -0.001 -9"><span class='ocrx_word' id='word_1_36' title='bbox 238 490 275 526; x_wconf 92' lang='lat' dir='ltr'>in</span> <span class='ocrx_word' id='word_1_37' title='bbox 319 489 466 534; x_wconf 89' lang='lat' dir='ltr'>quibus</span> <span class='ocrx_word' id='word_1_38' title='bbox 508 492 615 529; x_wconf 71' lang='lat' dir='ltr'>„est”</span> <span class='ocrx_word' id='word_1_39' title='bbox 657 499 738 525; x_wconf 91' lang='lat' dir='ltr'>non</span> <span class='ocrx_word' id='word_1_40' title='bbox 775 489 987 533; x_wconf 80' lang='lat' dir='ltr'>contingit.</span> <span class='ocrx_word' id='word_1_41' title='bbox 1015 491 1105 529; x_wconf 63' lang='lat' dir='ltr'>&lt;ut&gt;</span> <span class='ocrx_word' id='word_1_42' title='bbox 1136 489 1173 524; x_wconf 91' lang='lat' dir='ltr'>in</span> <span class='ocrx_word' id='word_1_43' title='bbox 1203 498 1253 524; x_wconf 88' lang='lat' dir='ltr'>eo</span> <span class='ocrx_word' id='word_1_44' title='bbox 1283 489 1390 533; x_wconf 91' lang='lat' dir='ltr'>quod</span> <span class='ocrx_word' id='word_1_45' title='bbox 1419 498 1586 524; x_wconf 79' lang='lat' dir='ltr'>currere</span> <span class='ocrx_word' id='word_1_46' title='bbox 1615 492 1655 524; x_wconf 83' lang='lat' dir='ltr'>et</span> <span class='ocrx_word' id='word_1_47' title='bbox 1682 489 1907 524; x_wconf 84' lang='lat' dir='ltr'>ambulare.</span> 
     </span>
    </p>
   </div>
   <div class='ocr_carea' id='block_1_3' title="bbox 200 553 1907 599">
    <p class='ocr_par' dir='ltr' id='par_1_3' title="bbox 200 553 1907 599">
     <span class='ocr_line' id='line_1_6' title="bbox 200 553 1907 599; baseline -0.001 -9"><span class='ocrx_word' id='word_1_48' title='bbox 200 562 215 584; x_wconf 65' lang='grc' dir='ltr'>(ν</span> <span class='ocrx_word' id='word_1_49' title='bbox 238 554 345 591; x_wconf 91' lang='lat' dir='ltr'>idem</span> <span class='ocrx_word' id='word_1_50' title='bbox 367 555 522 591; x_wconf 76' lang='lat' dir='ltr'>iaciunt</span> <span class='ocrx_word' id='word_1_51' title='bbox 550 554 609 590; x_wconf 85' lang='lat' dir='ltr'>sic</span> <span class='ocrx_word' id='word_1_52' title='bbox 632 554 777 599; x_wconf 86' lang='lat' dir='ltr'>posita.</span> <span class='ocrx_word' id='word_1_53' title='bbox 806 564 855 590; x_wconf 85' lang='lat' dir='ltr'>ac</span> <span class='ocrx_word' id='word_1_54' title='bbox 877 554 910 589; x_wconf 89' lang='lat' dir='ltr'>si</span> <span class='ocrx_word' id='word_1_55' title='bbox 941 556 1049 594; x_wconf 59' lang='lat' dir='ltr'>„osv</span> <span class='ocrx_word' id='word_1_56' title='bbox 1073 554 1321 589; x_wconf 60' lang='lat' dir='ltr'>adderetur.</span> <span class='ocrx_word' id='word_1_57' title='bbox 1375 553 1421 589; x_wconf 66' lang='lat' dir='ltr'>l&lt;It</span> <span class='ocrx_word' id='word_1_58' title='bbox 1442 558 1630 589; x_wconf 48' lang='lat' dir='ltr'>rursus-&#39;1</span> <span class='ocrx_word' id='word_1_59' title='bbox 1662 554 1774 589; x_wconf 65' lang='lat' dir='ltr'>Nihil</span> <span class='ocrx_word' id='word_1_60' title='bbox 1798 553 1907 599; x_wconf 68' lang='lat' dir='ltr'>[esti.</span> 
     </span>
    </p>
   </div>
   <div class='ocr_carea' id='block_1_4' title="bbox 183 891 215 916">
    <p class='ocr_par' dir='ltr' id='par_1_4' title="bbox 183 891 215 916">
     <span class='ocr_line' id='line_1_7' title="bbox 183 891 215 916; baseline -0.031 0"><span class='ocrx_word' id='word_1_61' title='bbox 183 891 215 916; x_wconf 70' lang='lat' dir='ltr'>lt)</span> 
     </span>
    </p>
   </div>
   <div class='ocr_carea' id='block_1_5' title="bbox 180 1546 214 1571">
    <p class='ocr_par' dir='ltr' id='par_1_5' title="bbox 180 1546 214 1571">
     <span class='ocr_line' id='line_1_8' title="bbox 180 1546 214 1571; baseline 0 0"><span class='ocrx_word' id='word_1_62' title='bbox 180 1546 214 1571; x_wconf 75' lang='lat'>‘20</span> 
     </span>
    </p>
   </div>
   <div class='ocr_carea' id='block_1_6' title="bbox 179 2198 214 2222">
    <p class='ocr_par' dir='ltr' id='par_1_6' title="bbox 179 2198 214 2222">
     <span class='ocr_line' id='line_1_9' title="bbox 179 2198 214 2222; baseline 0 0"><span class='ocrx_word' id='word_1_63' title='bbox 179 2198 214 2222; x_wconf 78' lang='lat'>30</span> 
     </span>
    </p>
   </div>
   <div class='ocr_carea' id='block_1_7' title="bbox 181 2522 215 2546">
    <p class='ocr_par' dir='ltr' id='par_1_7' title="bbox 181 2522 215 2546">
     <span class='ocr_line' id='line_1_10' title="bbox 181 2522 215 2546; baseline 0.029 -1"><span class='ocrx_word' id='word_1_64' title='bbox 181 2522 215 2546; x_wconf 80' lang='lat'>³5</span> 
     </span>
    </p>
   </div>
   <div class='ocr_carea' id='block_1_8' title="bbox 234 619 1910 1187">
    <p class='ocr_par' dir='ltr' id='par_1_8' title="bbox 238 619 1787 665">
     <span class='ocr_line' id='line_1_11' title="bbox 238 619 1787 665; baseline -0.001 -9"><span class='ocrx_word' id='word_1_65' title='bbox 238 620 377 665; x_wconf 89' lang='lat' dir='ltr'>inquit.</span> <span class='ocrx_word' id='word_1_66' title='bbox 407 620 543 656; x_wconf 86' lang='lat' dir='ltr'>dil&#39;l&#39;ert</span> <span class='ocrx_word' id='word_1_67' title='bbox 571 620 779 656; x_wconf 81' lang='lat' dir='ltr'>bominem</span> <span class='ocrx_word' id='word_1_68' title='bbox 809 619 1023 655; x_wconf 87' lang='lat' dir='ltr'>ambulare</span> <span class='ocrx_word' id='word_1_69' title='bbox 1052 622 1093 655; x_wconf 90' lang='lat' dir='ltr'>et</span> <span class='ocrx_word' id='word_1_70' title='bbox 1121 619 1329 655; x_wconf 89' lang='lat' dir='ltr'>hominem</span> <span class='ocrx_word' id='word_1_71' title='bbox 1359 619 1639 655; x_wconf 73' lang='lat' dir='ltr'>ambulantem</span> <span class='ocrx_word' id='word_1_72' title='bbox 1669 628 1787 655; x_wconf 61' lang='lat' dir='ltr'>esse:</span> 
     </span>
    </p>

    <p class='ocr_par' dir='ltr' id='par_1_9' title="bbox 235 684 1908 992">
     <span class='ocr_line' id='line_1_12' title="bbox 379 684 1906 729; baseline -0.001 -8"><span class='ocrx_word' id='word_1_73' title='bbox 379 685 495 726; x_wconf 90' lang='lat' dir='ltr'>Quod</span> <span class='ocrx_word' id='word_1_74' title='bbox 537 687 674 721; x_wconf 89' lang='lat' dir='ltr'>autem</span> <span class='ocrx_word' id='word_1_75' title='bbox 715 685 787 721; x_wconf 85' lang='lat' dir='ltr'>ait:</span> <span class='ocrx_word' id='word_1_76' title='bbox 829 685 897 722; x_wconf 72' lang='lat' dir='ltr'>,de</span> <span class='ocrx_word' id='word_1_77' title='bbox 939 684 1188 729; x_wconf 72' lang='lat' dir='ltr'>pluribus.</span> <span class='ocrx_word' id='word_1_78' title='bbox 1229 684 1382 728; x_wconf 82' lang='lat' dir='ltr'>colligit</span> <span class='ocrx_word' id='word_1_79' title='bbox 1423 684 1591 720; x_wconf 89' lang='lat' dir='ltr'>nomina</span> <span class='ocrx_word' id='word_1_80' title='bbox 1625 686 1820 729; x_wconf 90' lang='lat' dir='ltr'>quantum</span> <span class='ocrx_word' id='word_1_81' title='bbox 1857 685 1906 720; x_wconf 91' lang='lat' dir='ltr'>ad</span> 
     </span>
     <span class='ocr_line' id='line_1_13' title="bbox 236 749 1907 795; baseline -0.001 -9"><span class='ocrx_word' id='word_1_82' title='bbox 236 751 521 787; x_wconf 83' lang='lat' dir='ltr'>diversitatem</span> <span class='ocrx_word' id='word_1_83' title='bbox 538 750 854 786; x_wconf 91' lang='lat' dir='ltr'>nominatorum.</span> <span class='ocrx_word' id='word_1_84' title='bbox 883 750 1073 795; x_wconf 77' lang='lat' dir='ltr'>Alioquin</span> <span class='ocrx_word' id='word_1_85' title='bbox 1092 749 1287 786; x_wconf 81' lang='lat' dir='ltr'>Socrates</span> <span class='ocrx_word' id='word_1_86' title='bbox 1303 750 1353 785; x_wconf 90' lang='lat' dir='ltr'>de</span> <span class='ocrx_word' id='word_1_87' title='bbox 1376 750 1560 795; x_wconf 90' lang='lat' dir='ltr'>pluribus</span> <span class='ocrx_word' id='word_1_88' title='bbox 1584 750 1907 795; x_wconf 81' lang='lat' dir='ltr'>praedicaretur.</span> 
     </span>
     <span class='ocr_line' id='line_1_14' title="bbox 235 815 1908 853; baseline -0.001 -1"><span class='ocrx_word' id='word_1_89' title='bbox 235 826 325 853; x_wconf 92' lang='lat' dir='ltr'>cum</span> <span class='ocrx_word' id='word_1_90' title='bbox 354 816 526 852; x_wconf 84' lang='lat' dir='ltr'>dicitur:</span> <span class='ocrx_word' id='word_1_91' title='bbox 566 816 641 853; x_wconf 75' lang='lat' dir='ltr'>,hic</span> <span class='ocrx_word' id='word_1_92' title='bbox 675 816 797 851; x_wconf 88' lang='lat' dir='ltr'>homo</span> <span class='ocrx_word' id='word_1_93' title='bbox 832 818 894 851; x_wconf 90' lang='lat' dir='ltr'>est</span> <span class='ocrx_word' id='word_1_94' title='bbox 922 816 1130 853; x_wconf 84' lang='lat' dir='ltr'>Socrates.</span> <span class='ocrx_word' id='word_1_95' title='bbox 1166 815 1243 851; x_wconf 81' lang='lat' dir='ltr'>boc</span> <span class='ocrx_word' id='word_1_96' title='bbox 1270 815 1423 851; x_wconf 88' lang='lat' dir='ltr'>animal</span> <span class='ocrx_word' id='word_1_97' title='bbox 1453 818 1515 851; x_wconf 92' lang='lat' dir='ltr'>est</span> <span class='ocrx_word' id='word_1_98' title='bbox 1543 815 1620 851; x_wconf 87' lang='lat' dir='ltr'>hoc</span> <span class='ocrx_word' id='word_1_99' title='bbox 1648 816 1796 851; x_wconf 88' lang='lat' dir='ltr'>album.</span> <span class='ocrx_word' id='word_1_100' title='bbox 1832 816 1908 851; x_wconf 84' lang='lat' dir='ltr'>hoc</span> 
     </span>
     <span class='ocr_line' id='line_1_15' title="bbox 236 880 1906 926; baseline -0.001 -8"><span class='ocrx_word' id='word_1_101' title='bbox 236 882 460 918; x_wconf 75' lang='lat' dir='ltr'>musicum.</span> <span class='ocrx_word' id='word_1_102' title='bbox 513 880 630 922; x_wconf 82' lang='lat' dir='ltr'>Quae</span> <span class='ocrx_word' id='word_1_103' title='bbox 658 881 823 926; x_wconf 90' lang='lat' dir='ltr'>quidem</span> <span class='ocrx_word' id='word_1_104' title='bbox 853 881 1021 917; x_wconf 91' lang='lat' dir='ltr'>nomina</span> <span class='ocrx_word' id='word_1_105' title='bbox 1049 881 1126 917; x_wconf 87' lang='lat' dir='ltr'>etsi</span> <span class='ocrx_word' id='word_1_106' title='bbox 1155 881 1324 917; x_wconf 88' lang='lat' dir='ltr'>diversa</span> <span class='ocrx_word' id='word_1_107' title='bbox 1351 881 1433 916; x_wconf 89' lang='lat' dir='ltr'>sint</span> <span class='ocrx_word' id='word_1_108' title='bbox 1454 881 1493 916; x_wconf 93' lang='lat' dir='ltr'>in</span> <span class='ocrx_word' id='word_1_109' title='bbox 1517 881 1740 918; x_wconf 73' lang='lat' dir='ltr'>intellectu.</span> <span class='ocrx_word' id='word_1_110' title='bbox 1769 884 1906 917; x_wconf 92' lang='lat' dir='ltr'>tamen</span> 
     </span>
     <span class='ocr_line' id='line_1_16' title="bbox 235 946 1174 992; baseline -0.001 -9"><span class='ocrx_word' id='word_1_111' title='bbox 235 956 321 983; x_wconf 90' lang='lat' dir='ltr'>rem</span> <span class='ocrx_word' id='word_1_112' title='bbox 350 946 579 983; x_wconf 88' lang='lat' dir='ltr'>subiectam</span> <span class='ocrx_word' id='word_1_113' title='bbox 609 947 774 992; x_wconf 92' lang='lat' dir='ltr'>penitus</span> <span class='ocrx_word' id='word_1_114' title='bbox 803 946 979 983; x_wconf 91' lang='lat' dir='ltr'>eandem</span> <span class='ocrx_word' id='word_1_115' title='bbox 1009 947 1174 982; x_wconf 86' lang='lat' dir='ltr'>habent.</span> 
     </span>
    </p>

    <p class='ocr_par' dir='ltr' id='par_1_10' title="bbox 234 1011 1910 1187">
     <span class='ocr_line' id='line_1_17' title="bbox 378 1011 1906 1056; baseline -0.001 -8"><span class='ocrx_word' id='word_1_116' title='bbox 378 1012 482 1048; x_wconf 85' lang='lat' dir='ltr'>Nota</span> <span class='ocrx_word' id='word_1_117' title='bbox 509 1014 647 1048; x_wconf 87' lang='lat' dir='ltr'>autem</span> <span class='ocrx_word' id='word_1_118' title='bbox 677 1011 799 1048; x_wconf 90' lang='lat' dir='ltr'>aliam</span> <span class='ocrx_word' id='word_1_119' title='bbox 828 1020 925 1048; x_wconf 90' lang='lat' dir='ltr'>esse</span> <span class='ocrx_word' id='word_1_120' title='bbox 960 1011 1294 1048; x_wconf 92' lang='lat' dir='ltr'>coniunctionem</span> <span class='ocrx_word' id='word_1_121' title='bbox 1331 1011 1746 1047; x_wconf 85' lang='lat' dir='ltr'>constructionis</span> <span class='ocrx_word' id='word_1_122' title='bbox 1785 1020 1906 1056; x_wconf 91' lang='lat' dir='ltr'>quam</span> 
     </span>
     <span class='ocr_line' id='line_1_18' title="bbox 234 1076 1910 1123; baseline -0.001 -10"><span class='ocrx_word' id='word_1_123' title='bbox 234 1077 452 1113; x_wconf 86' lang='lat' dir='ltr'>attendunt</span> <span class='ocrx_word' id='word_1_124' title='bbox 479 1077 808 1123; x_wconf 85' lang='lat' dir='ltr'>grammatici.</span> <span class='ocrx_word' id='word_1_125' title='bbox 849 1077 971 1113; x_wconf 88' lang='lat' dir='ltr'>aliam</span> <span class='ocrx_word' id='word_1_126' title='bbox 1006 1076 1435 1122; x_wconf 84' lang='lat' dir='ltr'>praedicationis</span> <span class='ocrx_word' id='word_1_127' title='bbox 1476 1086 1598 1121; x_wconf 91' lang='lat' dir='ltr'>quam</span> <span class='ocrx_word' id='word_1_128' title='bbox 1640 1076 1910 1113; x_wconf 85' lang='lat' dir='ltr'>considerant</span> 
     </span>
     <span class='ocr_line' id='line_1_19' title="bbox 234 1142 1906 1187; baseline -0.001 -8"><span class='ocrx_word' id='word_1_129' title='bbox 234 1142 518 1179; x_wconf 88' lang='lat' dir='ltr'>dialectici:</span> <span class='ocrx_word' id='word_1_130' title='bbox 546 1152 641 1179; x_wconf 89' lang='lat' dir='ltr'>nam</span> <span class='ocrx_word' id='word_1_131' title='bbox 670 1142 898 1179; x_wconf 90' lang='lat' dir='ltr'>secundum</span> <span class='ocrx_word' id='word_1_132' title='bbox 927 1142 1009 1178; x_wconf 88' lang='lat' dir='ltr'>vim</span> <span class='ocrx_word' id='word_1_133' title='bbox 1037 1142 1440 1178; x_wconf 86' lang='lat' dir='ltr'>constructionis</span> <span class='ocrx_word' id='word_1_134' title='bbox 1469 1145 1549 1178; x_wconf 84' lang='lat' dir='ltr'>tarn</span> <span class='ocrx_word' id='word_1_135' title='bbox 1581 1142 1687 1178; x_wconf 92' lang='lat' dir='ltr'>bene</span> <span class='ocrx_word' id='word_1_136' title='bbox 1717 1151 1790 1187; x_wconf 89' lang='lat' dir='ltr'>per</span> <span class='ocrx_word' id='word_1_137' title='bbox 1824 1144 1906 1180; x_wconf 76' lang='lat' dir='ltr'>,est-</span> 
     </span>
    </p>
   </div>
   <div class='ocr_carea' id='block_1_9' title="bbox 197 1206 1907 1253">
    <p class='ocr_par' dir='ltr' id='par_1_11' title="bbox 197 1206 1907 1253">
     <span class='ocr_line' id='line_1_20' title="bbox 197 1206 1907 1253; baseline -0.001 -9"><span class='ocrx_word' id='word_1_138' title='bbox 197 1222 213 1245; x_wconf 68' lang='lat' dir='ltr'>f·</span> <span class='ocrx_word' id='word_1_139' title='bbox 234 1207 528 1253; x_wconf 88' lang='lat' dir='ltr'>coniungibilia</span> <span class='ocrx_word' id='word_1_140' title='bbox 555 1210 651 1243; x_wconf 90' lang='lat' dir='ltr'>sunt</span> <span class='ocrx_word' id='word_1_141' title='bbox 679 1207 823 1247; x_wconf 74' lang='lat' dir='ltr'>‚homo‘</span> <span class='ocrx_word' id='word_1_142' title='bbox 853 1208 894 1244; x_wconf 92' lang='lat' dir='ltr'>et</span> <span class='ocrx_word' id='word_1_143' title='bbox 922 1207 1048 1252; x_wconf 71' lang='lat' dir='ltr'>,lapis‘</span> <span class='ocrx_word' id='word_1_144' title='bbox 1072 1209 1113 1243; x_wconf 89' lang='lat' dir='ltr'>et</span> <span class='ocrx_word' id='word_1_145' title='bbox 1134 1207 1304 1252; x_wconf 82' lang='lat' dir='ltr'>quilibet</span> <span class='ocrx_word' id='word_1_146' title='bbox 1326 1207 1427 1243; x_wconf 90' lang='lat' dir='ltr'>recti</span> <span class='ocrx_word' id='word_1_147' title='bbox 1449 1216 1583 1243; x_wconf 73' lang='lat' dir='ltr'>casus,</span> <span class='ocrx_word' id='word_1_148' title='bbox 1606 1206 1711 1242; x_wconf 88' lang='lat' dir='ltr'>sicut</span> <span class='ocrx_word' id='word_1_149' title='bbox 1734 1206 1907 1243; x_wconf 78' lang='lat' dir='ltr'>animal·</span> 
     </span>
    </p>
   </div>
   <div class='ocr_carea' id='block_1_10' title="bbox 233 1271 1910 1840">
    <p class='ocr_par' dir='ltr' id='par_1_12' title="bbox 233 1271 1910 1840">
     <span class='ocr_line' id='line_1_21' title="bbox 234 1271 1906 1318; baseline -0.002 -8"><span class='ocrx_word' id='word_1_150' title='bbox 234 1275 275 1310; x_wconf 89' lang='lat' dir='ltr'>et</span> <span class='ocrx_word' id='word_1_151' title='bbox 296 1273 454 1314; x_wconf 49' lang='lat' dir='ltr'>,bomon</span> <span class='ocrx_word' id='word_1_152' title='bbox 470 1275 667 1318; x_wconf 86' lang='lat' dir='ltr'>quantum</span> <span class='ocrx_word' id='word_1_153' title='bbox 684 1273 848 1318; x_wconf 91' lang='lat' dir='ltr'>quidem</span> <span class='ocrx_word' id='word_1_154' title='bbox 871 1271 923 1309; x_wconf 92' lang='lat' dir='ltr'>ad</span> <span class='ocrx_word' id='word_1_155' title='bbox 941 1272 1290 1308; x_wconf 78' lang='lat' dir='ltr'>manifestandum</span> <span class='ocrx_word' id='word_1_156' title='bbox 1312 1273 1577 1309; x_wconf 88' lang='lat' dir='ltr'>intellectum.</span> <span class='ocrx_word' id='word_1_157' title='bbox 1607 1282 1686 1308; x_wconf 93' lang='lat' dir='ltr'>non</span> <span class='ocrx_word' id='word_1_158' title='bbox 1711 1274 1906 1317; x_wconf 91' lang='lat' dir='ltr'>quantum</span> 
     </span>
     <span class='ocr_line' id='line_1_22' title="bbox 233 1337 1908 1382; baseline -0.002 -7"><span class='ocrx_word' id='word_1_159' title='bbox 233 1339 285 1375; x_wconf 88' lang='lat' dir='ltr'>ad</span> <span class='ocrx_word' id='word_1_160' title='bbox 332 1339 637 1375; x_wconf 90' lang='lat' dir='ltr'>ostendendum</span> <span class='ocrx_word' id='word_1_161' title='bbox 682 1339 742 1375; x_wconf 93' lang='lat' dir='ltr'>rei</span> <span class='ocrx_word' id='word_1_162' title='bbox 788 1339 950 1374; x_wconf 91' lang='lat' dir='ltr'>statum.</span> <span class='ocrx_word' id='word_1_163' title='bbox 1020 1337 1265 1374; x_wconf 91' lang='lat' dir='ltr'>Coniunctio</span> <span class='ocrx_word' id='word_1_164' title='bbox 1312 1338 1452 1382; x_wconf 89' lang='lat' dir='ltr'>itaque</span> <span class='ocrx_word' id='word_1_165' title='bbox 1498 1337 1908 1373; x_wconf 90' lang='lat' dir='ltr'>constructionis</span> 
     </span>
     <span class='ocr_line' id='line_1_23' title="bbox 234 1402 1910 1449; baseline -0.001 -9"><span class='ocrx_word' id='word_1_166' title='bbox 234 1404 386 1441; x_wconf 94' lang='lat' dir='ltr'>totiens</span> <span class='ocrx_word' id='word_1_167' title='bbox 414 1404 524 1440; x_wconf 90' lang='lat' dir='ltr'>bona</span> <span class='ocrx_word' id='word_1_168' title='bbox 547 1406 621 1442; x_wconf 74' lang='lat' dir='ltr'>est.</span> <span class='ocrx_word' id='word_1_169' title='bbox 644 1404 886 1449; x_wconf 85' lang='lat' dir='ltr'>&lt;quotiens&gt;</span> <span class='ocrx_word' id='word_1_170' title='bbox 915 1403 1144 1449; x_wconf 79' lang='lat' dir='ltr'>perfectam</span> <span class='ocrx_word' id='word_1_171' title='bbox 1167 1403 1426 1439; x_wconf 89' lang='lat' dir='ltr'>demonstrat</span> <span class='ocrx_word' id='word_1_172' title='bbox 1448 1403 1711 1440; x_wconf 81' lang='lat' dir='ltr'>sententiam.</span> <span class='ocrx_word' id='word_1_173' title='bbox 1741 1402 1830 1439; x_wconf 91' lang='lat' dir='ltr'>sive</span> <span class='ocrx_word' id='word_1_174' title='bbox 1853 1402 1910 1438; x_wconf 90' lang='lat' dir='ltr'>ita</span> 
     </span>
     <span class='ocr_line' id='line_1_24' title="bbox 234 1459 1908 1513; baseline 0 -9"><span class='ocrx_word' id='word_1_175' title='bbox 234 1469 285 1506; x_wconf 89' lang='lat' dir='ltr'>sit</span> <span class='ocrx_word' id='word_1_176' title='bbox 313 1469 402 1506; x_wconf 91' lang='lat' dir='ltr'>sive</span> <span class='ocrx_word' id='word_1_177' title='bbox 429 1479 524 1506; x_wconf 90' lang='lat' dir='ltr'>non.</span> <span class='ocrx_word' id='word_1_178' title='bbox 576 1469 990 1506; x_wconf 78' lang='lat' dir='ltr'>praedicationis</span> <span class='ocrx_word' id='word_1_179' title='bbox 1018 1478 1120 1505; x_wconf 84' lang='lat' dir='ltr'>vero</span> <span class='ocrx_word' id='word_1_180' title='bbox 1148 1468 1384 1504; x_wconf 88' lang='lat' dir='ltr'>coniunctio</span> <span class='ocrx_word' id='word_1_181' title='bbox 1420 1459 1543 1513; x_wconf 75' lang='lat' dir='ltr'>quam</span> <span class='ocrx_word' id='word_1_182' title='bbox 1572 1468 1636 1504; x_wconf 87' lang='lat' dir='ltr'>hic</span> <span class='ocrx_word' id='word_1_183' title='bbox 1671 1467 1908 1513; x_wconf 91' lang='lat' dir='ltr'>accipimus.</span> 
     </span>
     <span class='ocr_line' id='line_1_25' title="bbox 235 1533 1910 1579; baseline -0.002 -8"><span class='ocrx_word' id='word_1_184' title='bbox 235 1535 287 1571; x_wconf 89' lang='lat' dir='ltr'>ad</span> <span class='ocrx_word' id='word_1_185' title='bbox 315 1544 452 1571; x_wconf 90' lang='lat' dir='ltr'>rerum</span> <span class='ocrx_word' id='word_1_186' title='bbox 475 1537 665 1571; x_wconf 87' lang='lat' dir='ltr'>naturam</span> <span class='ocrx_word' id='word_1_187' title='bbox 688 1534 868 1579; x_wconf 89' lang='lat' dir='ltr'>pertinet</span> <span class='ocrx_word' id='word_1_188' title='bbox 895 1536 936 1570; x_wconf 94' lang='lat' dir='ltr'>et</span> <span class='ocrx_word' id='word_1_189' title='bbox 963 1534 1015 1570; x_wconf 89' lang='lat' dir='ltr'>ad</span> <span class='ocrx_word' id='word_1_190' title='bbox 1044 1534 1261 1570; x_wconf 76' lang='lat' dir='ltr'>veritatem</span> <span class='ocrx_word' id='word_1_191' title='bbox 1291 1535 1425 1569; x_wconf 89' lang='lat' dir='ltr'>status</span> <span class='ocrx_word' id='word_1_192' title='bbox 1454 1542 1594 1569; x_wconf 88' lang='lat' dir='ltr'>earum</span> <span class='ocrx_word' id='word_1_193' title='bbox 1625 1533 1910 1569; x_wconf 90' lang='lat' dir='ltr'>demonstran-</span> 
     </span>
     <span class='ocr_line' id='line_1_26' title="bbox 237 1597 1908 1645; baseline -0.002 -9"><span class='ocrx_word' id='word_1_194' title='bbox 237 1600 342 1636; x_wconf 89' lang='lat' dir='ltr'>dam.</span> <span class='ocrx_word' id='word_1_195' title='bbox 395 1600 438 1637; x_wconf 93' lang='lat' dir='ltr'>Si</span> <span class='ocrx_word' id='word_1_196' title='bbox 465 1600 557 1645; x_wconf 89' lang='lat' dir='ltr'>quis</span> <span class='ocrx_word' id='word_1_197' title='bbox 584 1600 641 1636; x_wconf 91' lang='lat' dir='ltr'>ita</span> <span class='ocrx_word' id='word_1_198' title='bbox 669 1600 798 1636; x_wconf 81' lang='lat' dir='ltr'>dicat:</span> <span class='ocrx_word' id='word_1_199' title='bbox 838 1600 971 1637; x_wconf 72' lang='lat' dir='ltr'>‚homo</span> <span class='ocrx_word' id='word_1_200' title='bbox 1012 1602 1076 1636; x_wconf 87' lang='lat' dir='ltr'>est</span> <span class='ocrx_word' id='word_1_201' title='bbox 1116 1599 1245 1644; x_wconf 75' lang='lat' dir='ltr'>lapis‘.</span> <span class='ocrx_word' id='word_1_202' title='bbox 1286 1597 1403 1645; x_wconf 85' lang='lat' dir='ltr'>[non]</span> <span class='ocrx_word' id='word_1_203' title='bbox 1443 1598 1621 1634; x_wconf 89' lang='lat' dir='ltr'>hominis</span> <span class='ocrx_word' id='word_1_204' title='bbox 1663 1599 1728 1634; x_wconf 87' lang='lat' dir='ltr'>vel</span> <span class='ocrx_word' id='word_1_205' title='bbox 1760 1598 1908 1643; x_wconf 91' lang='lat' dir='ltr'>lapidis</span> 
     </span>
     <span class='ocr_line' id='line_1_27' title="bbox 235 1664 1909 1712; baseline -0.002 -10"><span class='ocrx_word' id='word_1_206' title='bbox 235 1675 460 1712; x_wconf 83' lang='lat' dir='ltr'>congruam</span> <span class='ocrx_word' id='word_1_207' title='bbox 488 1666 586 1702; x_wconf 82' lang='lat' dir='ltr'>fecit</span> <span class='ocrx_word' id='word_1_208' title='bbox 613 1665 965 1701; x_wconf 89' lang='lat' dir='ltr'>constructionem</span> <span class='ocrx_word' id='word_1_209' title='bbox 993 1665 1045 1701; x_wconf 89' lang='lat' dir='ltr'>ad</span> <span class='ocrx_word' id='word_1_210' title='bbox 1080 1674 1262 1701; x_wconf 85' lang='lat' dir='ltr'>sensum.</span> <span class='ocrx_word' id='word_1_211' title='bbox 1297 1673 1418 1709; x_wconf 91' lang='lat' dir='ltr'>quem</span> <span class='ocrx_word' id='word_1_212' title='bbox 1454 1664 1581 1700; x_wconf 86' lang='lat' dir='ltr'>voluit</span> <span class='ocrx_word' id='word_1_213' title='bbox 1609 1664 1909 1703; x_wconf 84' lang='lat' dir='ltr'>demonstrare,</span> 
     </span>
     <span class='ocr_line' id='line_1_28' title="bbox 236 1727 1909 1775; baseline -0.001 -10"><span class='ocrx_word' id='word_1_214' title='bbox 236 1739 312 1766; x_wconf 89' lang='lat' dir='ltr'>nec</span> <span class='ocrx_word' id='word_1_215' title='bbox 340 1730 463 1766; x_wconf 92' lang='lat' dir='ltr'>ullum</span> <span class='ocrx_word' id='word_1_216' title='bbox 485 1729 627 1766; x_wconf 90' lang='lat' dir='ltr'>vitium</span> <span class='ocrx_word' id='word_1_217' title='bbox 650 1729 724 1765; x_wconf 75' lang='lat' dir='ltr'>fuit</span> <span class='ocrx_word' id='word_1_218' title='bbox 745 1729 1042 1775; x_wconf 86' lang='lat' dir='ltr'>grammaticae</span> <span class='ocrx_word' id='word_1_219' title='bbox 1059 1730 1099 1764; x_wconf 90' lang='lat' dir='ltr'>et</span> <span class='ocrx_word' id='word_1_220' title='bbox 1114 1729 1209 1764; x_wconf 91' lang='lat' dir='ltr'>licet</span> <span class='ocrx_word' id='word_1_221' title='bbox 1231 1730 1428 1773; x_wconf 86' lang='lat' dir='ltr'>quantum</span> <span class='ocrx_word' id='word_1_222' title='bbox 1445 1728 1498 1764; x_wconf 89' lang='lat' dir='ltr'>ad</span> <span class='ocrx_word' id='word_1_223' title='bbox 1513 1728 1593 1763; x_wconf 84' lang='lat' dir='ltr'>vim</span> <span class='ocrx_word' id='word_1_224' title='bbox 1612 1727 1909 1764; x_wconf 87' lang='lat' dir='ltr'>enuntiationis</span> 
     </span>
     <span class='ocr_line' id='line_1_29' title="bbox 235 1792 1906 1840; baseline -0.002 -9"><span class='ocrx_word' id='word_1_225' title='bbox 235 1795 340 1840; x_wconf 86' lang='lat' dir='ltr'>lapis</span> <span class='ocrx_word' id='word_1_226' title='bbox 374 1795 438 1831; x_wconf 87' lang='lat' dir='ltr'>hic</span> <span class='ocrx_word' id='word_1_227' title='bbox 465 1795 730 1840; x_wconf 86' lang='lat' dir='ltr'>praedicetur</span> <span class='ocrx_word' id='word_1_228' title='bbox 766 1794 816 1830; x_wconf 91' lang='lat' dir='ltr'>de</span> <span class='ocrx_word' id='word_1_229' title='bbox 858 1794 1036 1831; x_wconf 88' lang='lat' dir='ltr'>homine.</span> <span class='ocrx_word' id='word_1_230' title='bbox 1077 1794 1141 1830; x_wconf 92' lang='lat' dir='ltr'>cui</span> <span class='ocrx_word' id='word_1_231' title='bbox 1179 1793 1337 1829; x_wconf 89' lang='lat' dir='ltr'>scilicet</span> <span class='ocrx_word' id='word_1_232' title='bbox 1373 1796 1583 1838; x_wconf 88' lang='lat' dir='ltr'>tamquam</span> <span class='ocrx_word' id='word_1_233' title='bbox 1624 1792 1906 1838; x_wconf 88' lang='lat' dir='ltr'>praedicatum</span> 
     </span>
    </p>
   </div>
   <div class='ocr_carea' id='block_1_11' title="bbox 180 1858 1907 1904">
    <p class='ocr_par' dir='ltr' id='par_1_13' title="bbox 180 1858 1907 1904">
     <span class='ocr_line' id='line_1_30' title="bbox 180 1858 1907 1904; baseline -0.001 -9"><span class='ocrx_word' id='word_1_234' title='bbox 180 1869 195 1894; x_wconf 77' lang='lat'>2</span> <span class='ocrx_word' id='word_1_235' title='bbox 235 1860 496 1898; x_wconf 69' lang='lat' dir='ltr'>construitur,</span> <span class='ocrx_word' id='word_1_236' title='bbox 534 1859 762 1896; x_wconf 91' lang='lat' dir='ltr'>secundum</span> <span class='ocrx_word' id='word_1_237' title='bbox 800 1859 907 1904; x_wconf 89' lang='lat' dir='ltr'>quod</span> <span class='ocrx_word' id='word_1_238' title='bbox 943 1859 1075 1895; x_wconf 79' lang='lat' dir='ltr'>falsae</span> <span class='ocrx_word' id='word_1_239' title='bbox 1110 1868 1276 1904; x_wconf 89' lang='lat' dir='ltr'>quoque</span> <span class='ocrx_word' id='word_1_240' title='bbox 1319 1858 1584 1904; x_wconf 74' lang='lat' dir='ltr'>categoricae</span> <span class='ocrx_word' id='word_1_241' title='bbox 1624 1858 1907 1903; x_wconf 90' lang='lat' dir='ltr'>praedicatum</span> 
     </span>
    </p>
   </div>
   <div class='ocr_carea' id='block_1_12' title="bbox 234 1923 2039 2816">
    <p class='ocr_par' dir='ltr' id='par_1_14' title="bbox 234 1923 1908 2091">
     <span class='ocr_line' id='line_1_31' title="bbox 235 1923 1907 1969; baseline -0.001 -8"><span class='ocrx_word' id='word_1_242' title='bbox 235 1925 453 1962; x_wconf 90' lang='lat' dir='ltr'>terminum</span> <span class='ocrx_word' id='word_1_243' title='bbox 492 1925 658 1963; x_wconf 88' lang='lat' dir='ltr'>habent.</span> <span class='ocrx_word' id='word_1_244' title='bbox 700 1925 740 1961; x_wconf 92' lang='lat' dir='ltr'>in</span> <span class='ocrx_word' id='word_1_245' title='bbox 780 1927 929 1961; x_wconf 90' lang='lat' dir='ltr'>natura</span> <span class='ocrx_word' id='word_1_246' title='bbox 968 1926 1106 1961; x_wconf 91' lang='lat' dir='ltr'>tamen</span> <span class='ocrx_word' id='word_1_247' title='bbox 1150 1933 1287 1960; x_wconf 92' lang='lat' dir='ltr'>rerum</span> <span class='ocrx_word' id='word_1_248' title='bbox 1327 1923 1610 1969; x_wconf 89' lang='lat' dir='ltr'>praedicabile</span> <span class='ocrx_word' id='word_1_249' title='bbox 1651 1924 1702 1960; x_wconf 92' lang='lat' dir='ltr'>de</span> <span class='ocrx_word' id='word_1_250' title='bbox 1737 1932 1786 1959; x_wconf 93' lang='lat' dir='ltr'>eo</span> <span class='ocrx_word' id='word_1_251' title='bbox 1827 1932 1907 1959; x_wconf 92' lang='lat' dir='ltr'>non</span> 
     </span>
     <span class='ocr_line' id='line_1_32' title="bbox 234 1987 1908 2034; baseline -0.002 -9"><span class='ocrx_word' id='word_1_252' title='bbox 234 1991 308 2026; x_wconf 91' lang='lat' dir='ltr'>est.</span> <span class='ocrx_word' id='word_1_253' title='bbox 360 1988 486 2026; x_wconf 91' lang='lat' dir='ltr'>Cuius</span> <span class='ocrx_word' id='word_1_254' title='bbox 514 1991 671 2026; x_wconf 90' lang='lat' dir='ltr'>tanturn</span> <span class='ocrx_word' id='word_1_255' title='bbox 699 1989 781 2024; x_wconf 89' lang='lat' dir='ltr'>vim</span> <span class='ocrx_word' id='word_1_256' title='bbox 810 1988 1134 2034; x_wconf 89' lang='lat' dir='ltr'>praedicationis</span> <span class='ocrx_word' id='word_1_257' title='bbox 1162 1988 1227 2024; x_wconf 89' lang='lat' dir='ltr'>hic</span> <span class='ocrx_word' id='word_1_258' title='bbox 1255 1988 1518 2025; x_wconf 73' lang='lat' dir='ltr'>attendimus</span> <span class='ocrx_word' id='word_1_259' title='bbox 1547 1988 1642 2024; x_wconf 91' lang='lat' dir='ltr'>dum</span> <span class='ocrx_word' id='word_1_260' title='bbox 1670 1987 1908 2023; x_wconf 88' lang='lat' dir='ltr'>universale</span> 
     </span>
     <span class='ocr_line' id='line_1_33' title="bbox 234 2054 466 2091; baseline -0.004 0"><span class='ocrx_word' id='word_1_261' title='bbox 234 2054 466 2091; x_wconf 82' lang='lat' dir='ltr'>definimus.</span> 
     </span>
    </p>

    <p class='ocr_par' dir='ltr' id='par_1_15' title="bbox 234 2117 2039 2816">
     <span class='ocr_line' id='line_1_34' title="bbox 377 2117 1909 2164; baseline -0.002 -8"><span class='ocrx_word' id='word_1_262' title='bbox 377 2119 548 2156; x_wconf 89' lang='lat' dir='ltr'>Videtur</span> <span class='ocrx_word' id='word_1_263' title='bbox 575 2122 714 2156; x_wconf 89' lang='lat' dir='ltr'>autem</span> <span class='ocrx_word' id='word_1_264' title='bbox 742 2128 966 2164; x_wconf 88' lang='lat' dir='ltr'>numquam</span> <span class='ocrx_word' id='word_1_265' title='bbox 995 2128 1166 2164; x_wconf 88' lang='lat' dir='ltr'>prorsus</span> <span class='ocrx_word' id='word_1_266' title='bbox 1207 2119 1444 2155; x_wconf 89' lang='lat' dir='ltr'>universale</span> <span class='ocrx_word' id='word_1_267' title='bbox 1485 2127 1582 2154; x_wconf 87' lang='lat' dir='ltr'>esse</span> <span class='ocrx_word' id='word_1_268' title='bbox 1622 2118 1731 2163; x_wconf 90' lang='lat' dir='ltr'>quod</span> <span class='ocrx_word' id='word_1_269' title='bbox 1771 2117 1909 2163; x_wconf 89' lang='lat' dir='ltr'>appel-</span> 
     </span>
     <span class='ocr_line' id='line_1_35' title="bbox 234 2182 1910 2231; baseline -0.002 -10"><span class='ocrx_word' id='word_1_270' title='bbox 234 2185 416 2224; x_wconf 86' lang='lat' dir='ltr'>lativum.</span> <span class='ocrx_word' id='word_1_271' title='bbox 444 2194 521 2221; x_wconf 93' lang='lat' dir='ltr'>nec</span> <span class='ocrx_word' id='word_1_272' title='bbox 549 2185 759 2231; x_wconf 89' lang='lat' dir='ltr'>singulare</span> <span class='ocrx_word' id='word_1_273' title='bbox 787 2185 897 2230; x_wconf 89' lang='lat' dir='ltr'>quod</span> <span class='ocrx_word' id='word_1_274' title='bbox 924 2185 1134 2230; x_wconf 88' lang='lat' dir='ltr'>proprium</span> <span class='ocrx_word' id='word_1_275' title='bbox 1163 2193 1326 2221; x_wconf 88' lang='lat' dir='ltr'>nomen.</span> <span class='ocrx_word' id='word_1_276' title='bbox 1354 2183 1427 2220; x_wconf 91' lang='lat' dir='ltr'>sed</span> <span class='ocrx_word' id='word_1_277' title='bbox 1455 2183 1632 2220; x_wconf 90' lang='lat' dir='ltr'>invicem</span> <span class='ocrx_word' id='word_1_278' title='bbox 1661 2182 1910 2219; x_wconf 81' lang='lat' dir='ltr'>excedentia</span> 
     </span>
     <span class='ocr_line' id='line_1_36' title="bbox 235 2248 1909 2295; baseline -0.002 -9"><span class='ocrx_word' id='word_1_279' title='bbox 235 2259 329 2286; x_wconf 89' lang='lat' dir='ltr'>sese</span> <span class='ocrx_word' id='word_1_280' title='bbox 358 2252 399 2287; x_wconf 91' lang='lat' dir='ltr'>et</span> <span class='ocrx_word' id='word_1_281' title='bbox 432 2259 622 2287; x_wconf 88' lang='lat' dir='ltr'>excessa.</span> <span class='ocrx_word' id='word_1_282' title='bbox 683 2250 786 2286; x_wconf 91' lang='lat' dir='ltr'>Nam</span> <span class='ocrx_word' id='word_1_283' title='bbox 827 2249 1121 2295; x_wconf 89' lang='lat' dir='ltr'>appellativum</span> <span class='ocrx_word' id='word_1_284' title='bbox 1163 2251 1203 2286; x_wconf 93' lang='lat' dir='ltr'>et</span> <span class='ocrx_word' id='word_1_285' title='bbox 1242 2249 1452 2295; x_wconf 87' lang='lat' dir='ltr'>proprium</span> <span class='ocrx_word' id='word_1_286' title='bbox 1491 2259 1572 2285; x_wconf 91' lang='lat' dir='ltr'>non</span> <span class='ocrx_word' id='word_1_287' title='bbox 1615 2248 1748 2284; x_wconf 90' lang='lat' dir='ltr'>solum</span> <span class='ocrx_word' id='word_1_288' title='bbox 1786 2257 1909 2284; x_wconf 88' lang='lat' dir='ltr'>casus</span> 
     </span>
     <span class='ocr_line' id='line_1_37' title="bbox 234 2314 1909 2360; baseline -0.001 -10"><span class='ocrx_word' id='word_1_289' title='bbox 234 2316 372 2352; x_wconf 90' lang='lat' dir='ltr'>rectos</span> <span class='ocrx_word' id='word_1_290' title='bbox 406 2315 630 2352; x_wconf 80' lang='lat' dir='ltr'>continent.</span> <span class='ocrx_word' id='word_1_291' title='bbox 670 2324 813 2351; x_wconf 89' lang='lat' dir='ltr'>verum</span> <span class='ocrx_word' id='word_1_292' title='bbox 855 2315 978 2351; x_wconf 91' lang='lat' dir='ltr'>etiam</span> <span class='ocrx_word' id='word_1_293' title='bbox 1019 2315 1210 2360; x_wconf 92' lang='lat' dir='ltr'>obliquos</span> <span class='ocrx_word' id='word_1_294' title='bbox 1255 2314 1323 2359; x_wconf 93' lang='lat' dir='ltr'>qui</span> <span class='ocrx_word' id='word_1_295' title='bbox 1357 2314 1591 2360; x_wconf 89' lang='lat' dir='ltr'>praedicari</span> <span class='ocrx_word' id='word_1_296' title='bbox 1625 2323 1709 2350; x_wconf 93' lang='lat' dir='ltr'>non</span> <span class='ocrx_word' id='word_1_297' title='bbox 1744 2314 1909 2353; x_wconf 84' lang='lat' dir='ltr'>habent,</span> 
     </span>
     <span class='ocr_line' id='line_1_38' title="bbox 235 2379 2039 2426; baseline -0.002 -9"><span class='ocrx_word' id='word_1_298' title='bbox 235 2383 359 2425; x_wconf 87' lang='lat' dir='ltr'>atque</span> <span class='ocrx_word' id='word_1_299' title='bbox 393 2381 487 2417; x_wconf 90' lang='lat' dir='ltr'>ideo</span> <span class='ocrx_word' id='word_1_300' title='bbox 515 2381 554 2417; x_wconf 94' lang='lat' dir='ltr'>in</span> <span class='ocrx_word' id='word_1_301' title='bbox 595 2380 838 2417; x_wconf 77' lang='lat' dir='ltr'>definitione</span> <span class='ocrx_word' id='word_1_302' title='bbox 863 2381 866 2426; x_wconf 90' lang='grc' dir='ltr'>Ι</span> <span class='ocrx_word' id='word_1_303' title='bbox 891 2380 1137 2416; x_wconf 88' lang='lat' dir='ltr'>universalis</span> <span class='ocrx_word' id='word_1_304' title='bbox 1177 2389 1251 2425; x_wconf 92' lang='lat' dir='ltr'>per</span> <span class='ocrx_word' id='word_1_305' title='bbox 1292 2379 1546 2425; x_wconf 71' lang='lat' dir='ltr'>,praedicari</span> <span class='ocrx_word' id='word_1_306' title='bbox 1589 2379 1748 2415; x_wconf 82' lang='lat' dir='ltr'>exclusi</span> <span class='ocrx_word' id='word_1_307' title='bbox 1788 2380 1906 2420; x_wconf 89' lang='lat' dir='ltr'>sunt;</span> <span class='ocrx_word' id='word_1_308' title='bbox 1935 2383 1956 2414; x_wconf 86' lang='lat' dir='ltr'>r.</span> <span class='ocrx_word' id='word_1_309' title='bbox 1986 2383 2039 2413; x_wconf 70' lang='lat'>31·</span> 
     </span>
     <span class='ocr_line' id='line_1_39' title="bbox 236 2444 1906 2491; baseline -0.002 -9"><span class='ocrx_word' id='word_1_310' title='bbox 236 2445 303 2490; x_wconf 89' lang='lat' dir='ltr'>qui</span> <span class='ocrx_word' id='word_1_311' title='bbox 331 2446 454 2482; x_wconf 89' lang='lat' dir='ltr'>etiam</span> <span class='ocrx_word' id='word_1_312' title='bbox 483 2446 650 2491; x_wconf 77' lang='lat' dir='ltr'>obliqui,</span> <span class='ocrx_word' id='word_1_313' title='bbox 678 2446 774 2491; x_wconf 91' lang='lat' dir='ltr'>quia</span> <span class='ocrx_word' id='word_1_314' title='bbox 801 2445 936 2482; x_wconf 88' lang='lat' dir='ltr'>minus</span> <span class='ocrx_word' id='word_1_315' title='bbox 962 2445 1192 2482; x_wconf 88' lang='lat' dir='ltr'>necessarii</span> <span class='ocrx_word' id='word_1_316' title='bbox 1221 2448 1316 2481; x_wconf 90' lang='lat' dir='ltr'>sunt</span> <span class='ocrx_word' id='word_1_317' title='bbox 1343 2445 1395 2481; x_wconf 90' lang='lat' dir='ltr'>ad</span> <span class='ocrx_word' id='word_1_318' title='bbox 1427 2444 1768 2481; x_wconf 80' lang='lat' dir='ltr'>enuntiationem.</span> <span class='ocrx_word' id='word_1_319' title='bbox 1798 2453 1906 2489; x_wconf 88' lang='lat' dir='ltr'>quae</span> 
     </span>
     <span class='ocr_line' id='line_1_40' title="bbox 236 2508 1907 2556; baseline -0.002 -9"><span class='ocrx_word' id='word_1_320' title='bbox 236 2511 326 2547; x_wconf 90' lang='lat' dir='ltr'>sola</span> <span class='ocrx_word' id='word_1_321' title='bbox 352 2513 458 2547; x_wconf 92' lang='lat' dir='ltr'>teste</span> <span class='ocrx_word' id='word_1_322' title='bbox 486 2511 791 2547; x_wconf 75' lang='lat' dir='ltr'>Aristotele³</span> <span class='ocrx_word' id='word_1_323' title='bbox 819 2511 1055 2556; x_wconf 89' lang='lat' dir='ltr'>praesentis</span> <span class='ocrx_word' id='word_1_324' title='bbox 1084 2513 1148 2547; x_wconf 92' lang='lat' dir='ltr'>est</span> <span class='ocrx_word' id='word_1_325' title='bbox 1174 2510 1486 2555; x_wconf 73' lang='lat' dir='ltr'>speculationis,</span> <span class='ocrx_word' id='word_1_326' title='bbox 1514 2510 1553 2546; x_wconf 91' lang='lat' dir='ltr'>id</span> <span class='ocrx_word' id='word_1_327' title='bbox 1577 2511 1641 2546; x_wconf 92' lang='lat' dir='ltr'>est</span> <span class='ocrx_word' id='word_1_328' title='bbox 1662 2508 1907 2545; x_wconf 88' lang='lat' dir='ltr'>dialecticae</span> 
     </span>
     <span class='ocr_line' id='line_1_41' title="bbox 235 2574 1907 2621; baseline -0.002 -9"><span class='ocrx_word' id='word_1_329' title='bbox 235 2575 595 2612; x_wconf 75' lang='lat' dir='ltr'>considerationis</span> <span class='ocrx_word' id='word_1_330' title='bbox 634 2576 786 2621; x_wconf 91' lang='lat' dir='ltr'>quippe</span> <span class='ocrx_word' id='word_1_331' title='bbox 824 2586 875 2612; x_wconf 89' lang='lat' dir='ltr'>ea</span> <span class='ocrx_word' id='word_1_332' title='bbox 911 2576 1001 2612; x_wconf 92' lang='lat' dir='ltr'>sola</span> <span class='ocrx_word' id='word_1_333' title='bbox 1038 2575 1424 2621; x_wconf 88' lang='lat' dir='ltr'>argumentationes</span> <span class='ocrx_word' id='word_1_334' title='bbox 1465 2575 1686 2620; x_wconf 71' lang='lat' dir='ltr'>componit,</span> <span class='ocrx_word' id='word_1_335' title='bbox 1728 2575 1779 2609; x_wconf 89' lang='lat' dir='ltr'>ab</span> <span class='ocrx_word' id='word_1_336' title='bbox 1817 2574 1907 2619; x_wconf 86' lang='lat' dir='ltr'>ipso</span> 
     </span>
     <span class='ocr_line' id='line_1_42' title="bbox 237 2640 1908 2687; baseline -0.001 -11"><span class='ocrx_word' id='word_1_337' title='bbox 237 2640 521 2677; x_wconf 86' lang='lat' dir='ltr'>Aristotele</span> <span class='ocrx_word' id='word_1_338' title='bbox 561 2641 668 2677; x_wconf 92' lang='lat' dir='ltr'>inter</span> <span class='ocrx_word' id='word_1_339' title='bbox 707 2641 876 2677; x_wconf 89' lang='lat' dir='ltr'>nomina</span> <span class='ocrx_word' id='word_1_340' title='bbox 915 2641 1221 2687; x_wconf 88' lang='lat' dir='ltr'>quodammodo</span> <span class='ocrx_word' id='word_1_341' title='bbox 1276 2650 1358 2677; x_wconf 94' lang='lat' dir='ltr'>non</span> <span class='ocrx_word' id='word_1_342' title='bbox 1410 2640 1675 2685; x_wconf 88' lang='lat' dir='ltr'>recipiuntur.</span> <span class='ocrx_word' id='word_1_343' title='bbox 1723 2648 1827 2684; x_wconf 87' lang='lat' dir='ltr'>quos</span> <span class='ocrx_word' id='word_1_344' title='bbox 1868 2640 1908 2674; x_wconf 90' lang='lat' dir='ltr'>et</span> 
     </span>
     <span class='ocr_line' id='line_1_43' title="bbox 238 2705 1907 2751; baseline -0.002 -10"><span class='ocrx_word' id='word_1_345' title='bbox 238 2705 326 2750; x_wconf 90' lang='lat' dir='ltr'>ipse</span> <span class='ocrx_word' id='word_1_346' title='bbox 366 2715 448 2741; x_wconf 91' lang='lat' dir='ltr'>non</span> <span class='ocrx_word' id='word_1_347' title='bbox 483 2706 661 2744; x_wconf 84' lang='lat' dir='ltr'>nomina.</span> <span class='ocrx_word' id='word_1_348' title='bbox 697 2706 771 2742; x_wconf 91' lang='lat' dir='ltr'>sed</span> <span class='ocrx_word' id='word_1_349' title='bbox 813 2716 936 2742; x_wconf 89' lang='lat' dir='ltr'>casus</span> <span class='ocrx_word' id='word_1_350' title='bbox 977 2706 1189 2742; x_wconf 90' lang='lat' dir='ltr'>nominum</span> <span class='ocrx_word' id='word_1_351' title='bbox 1235 2706 1428 2751; x_wconf 89' lang='lat' dir='ltr'>appellat.</span> <span class='ocrx_word' id='word_1_352' title='bbox 1494 2705 1606 2741; x_wconf 89' lang='lat' dir='ltr'>Sicut</span> <span class='ocrx_word' id='word_1_353' title='bbox 1646 2706 1784 2740; x_wconf 88' lang='lat' dir='ltr'>autem</span> <span class='ocrx_word' id='word_1_354' title='bbox 1826 2712 1907 2738; x_wconf 89' lang='lat' dir='ltr'>non</span> 
     </span>
     <span class='ocr_line' id='line_1_44' title="bbox 237 2768 1906 2816; baseline -0.002 -10"><span class='ocrx_word' id='word_1_355' title='bbox 237 2770 375 2806; x_wconf 87' lang='lat' dir='ltr'>omnia</span> <span class='ocrx_word' id='word_1_356' title='bbox 402 2771 654 2816; x_wconf 85' lang='lat' dir='ltr'>appellativa</span> <span class='ocrx_word' id='word_1_357' title='bbox 676 2771 741 2807; x_wconf 81' lang='lat' dir='ltr'>vel</span> <span class='ocrx_word' id='word_1_358' title='bbox 771 2771 937 2816; x_wconf 89' lang='lat' dir='ltr'>propria</span> <span class='ocrx_word' id='word_1_359' title='bbox 965 2771 1134 2807; x_wconf 90' lang='lat' dir='ltr'>nomina</span> <span class='ocrx_word' id='word_1_360' title='bbox 1163 2780 1338 2807; x_wconf 89' lang='lat' dir='ltr'>necesse</span> <span class='ocrx_word' id='word_1_361' title='bbox 1361 2772 1424 2806; x_wconf 89' lang='lat' dir='ltr'>est</span> <span class='ocrx_word' id='word_1_362' title='bbox 1452 2770 1530 2806; x_wconf 91' lang='lat' dir='ltr'>dici</span> <span class='ocrx_word' id='word_1_363' title='bbox 1559 2768 1813 2805; x_wconf 80' lang='lat' dir='ltr'>universalia</span> <span class='ocrx_word' id='word_1_364' title='bbox 1843 2768 1906 2803; x_wconf 84' lang='lat' dir='ltr'>vel</span> 
     </span>
    </p>
   </div>
   <div class='ocr_carea' id='block_1_13' title="bbox 237 2878 1907 2981">
    <p class='ocr_par' dir='ltr' id='par_1_16' title="bbox 237 2878 1907 2981">
     <span class='ocr_line' id='line_1_45' title="bbox 379 2878 1907 2921; baseline -0.002 -9"><span class='ocrx_word' id='word_1_365' title='bbox 379 2881 398 2911; x_wconf 79' lang='lat'><strong>3</strong></span> <span class='ocrx_word' id='word_1_366' title='bbox 427 2889 582 2921; x_wconf 89' lang='lat' dir='ltr'>pererm.</span> <span class='ocrx_word' id='word_1_367' title='bbox 609 2881 639 2913; x_wconf 82' lang='lat' dir='ltr'><strong><em>A</em></strong></span> <span class='ocrx_word' id='word_1_368' title='bbox 739 2882 757 2913; x_wconf 88' lang='grc'><strong>4</strong></span> <span class='ocrx_word' id='word_1_369' title='bbox 787 2883 823 2913; x_wconf 92' lang='lat' dir='ltr'>ut</span> <span class='ocrx_word' id='word_1_370' title='bbox 850 2881 985 2914; x_wconf 75' lang='lat' dir='ltr'>addidi</span> <span class='ocrx_word' id='word_1_371' title='bbox 1011 2890 1053 2914; x_wconf 74' lang='lat' dir='ltr'>e:</span> <span class='ocrx_word' id='word_1_372' title='bbox 1074 2881 1201 2913; x_wconf 75' lang='grc' dir='ltr'><em>ΒοιἸΙι.</em></span> <span class='ocrx_word' id='word_1_373' title='bbox 1303 2882 1322 2910; x_wconf 76' lang='lat'><strong>5</strong></span> <span class='ocrx_word' id='word_1_374' title='bbox 1350 2880 1586 2912; x_wconf 86' lang='lat' dir='ltr'>addideretur</span> <span class='ocrx_word' id='word_1_375' title='bbox 1612 2879 1638 2911; x_wconf 71' lang='grc' dir='ltr'><em>Α</em></span> <span class='ocrx_word' id='word_1_376' title='bbox 1743 2879 1760 2910; x_wconf 76' lang='lat' dir='ltr'>&#39;a&#39;</span> <span class='ocrx_word' id='word_1_377' title='bbox 1783 2878 1907 2910; x_wconf 76' lang='lat' dir='ltr'>Le‘tera</span> 
     </span>
     <span class='ocr_line' id='line_1_46' title="bbox 237 2935 1904 2981; baseline -0.001 -10"><span class='ocrx_word' id='word_1_378' title='bbox 237 2948 398 2980; x_wconf 70' lang='lat' dir='ltr'>sequens</span> <span class='ocrx_word' id='word_1_379' title='bbox 419 2939 583 2980; x_wconf 85' lang='lat' dir='ltr'>pluribus</span> <span class='ocrx_word' id='word_1_380' title='bbox 607 2940 643 2972; x_wconf 83' lang='grc' dir='ltr'>ἰη</span> <span class='ocrx_word' id='word_1_381' title='bbox 660 2940 687 2972; x_wconf 83' lang='grc' dir='ltr'><em>Α</em></span> <span class='ocrx_word' id='word_1_382' title='bbox 708 2942 869 2981; x_wconf 71' lang='lat' dir='ltr'>propter</span> <span class='ocrx_word' id='word_1_383' title='bbox 890 2940 1097 2973; x_wconf 64' lang='lat' dir='ltr'>laem‘onem</span> <span class='ocrx_word' id='word_1_384' title='bbox 1119 2940 1285 2972; x_wconf 73' lang='lat' dir='ltr'>disc-erni</span> <span class='ocrx_word' id='word_1_385' title='bbox 1307 2948 1381 2971; x_wconf 80' lang='lat' dir='ltr'>non</span> <span class='ocrx_word' id='word_1_386' title='bbox 1400 2940 1525 2979; x_wconf 77' lang='lat' dir='ltr'>polest</span> <span class='ocrx_word' id='word_1_387' title='bbox 1612 2938 1653 2970; x_wconf 77' lang='lat'>34</span> <span class='ocrx_word' id='word_1_388' title='bbox 1678 2935 1753 2977; x_wconf 88' lang='lat' dir='ltr'>quil</span> <span class='ocrx_word' id='word_1_389' title='bbox 1776 2937 1862 2977; x_wconf 86' lang='lat' dir='ltr'>quia</span> <span class='ocrx_word' id='word_1_390' title='bbox 1878 2937 1904 2969; x_wconf 77' lang='lat' dir='ltr'><strong><em>A</em></strong></span> 
     </span>
    </p>
   </div>
   <div class='ocr_carea' id='block_1_14' title="bbox 410 2844 660 2848">
    <p class='ocr_par' dir='ltr' id='par_1_17' title="bbox 410 2844 660 2848">
     <span class='ocr_line' id='line_1_47' title="bbox 410 2844 660 2848; baseline 0 0"><span class='ocrx_word' id='word_1_391' title='bbox 410 2844 660 2848; x_wconf 95' lang='lat' dir='ltr'> </span> 
     </span>
    </p>
   </div>
   <div class='ocr_carea' id='block_1_15' title="bbox 378 3026 1580 3128">
    <p class='ocr_par' dir='ltr' id='par_1_18' title="bbox 378 3026 1580 3128">
     <span class='ocr_line' id='line_1_48' title="bbox 380 3026 1547 3072; baseline -0.001 -12"><span class='ocrx_word' id='word_1_392' title='bbox 380 3027 389 3050; x_wconf 93' lang='lat'>¹</span> <span class='ocrx_word' id='word_1_393' title='bbox 419 3028 578 3066; x_wconf 61' lang='lat' dir='ltr'>Boeth„</span> <span class='ocrx_word' id='word_1_394' title='bbox 608 3029 649 3061; x_wconf 81' lang='lat' dir='ltr'>In</span> <span class='ocrx_word' id='word_1_395' title='bbox 679 3029 761 3062; x_wconf 75' lang='lat' dir='ltr'>libr.</span> <span class='ocrx_word' id='word_1_396' title='bbox 789 3029 902 3062; x_wconf 72' lang='lat' dir='ltr'>Arist.</span> <span class='ocrx_word' id='word_1_397' title='bbox 933 3026 1028 3072; x_wconf 78' lang='grc' dir='ltr'><em>Περὶ</em></span> <span class='ocrx_word' id='word_1_398' title='bbox 1056 3029 1136 3071; x_wconf 78' lang='grc' dir='ltr'><em>ἑρμ.</em></span> <span class='ocrx_word' id='word_1_399' title='bbox 1166 3030 1306 3061; x_wconf 77' lang='lat' dir='ltr'>Gomm.</span> <span class='ocrx_word' id='word_1_400' title='bbox 1336 3028 1358 3064; x_wconf 81' lang='lat' dir='ltr'>l.</span> <span class='ocrx_word' id='word_1_401' title='bbox 1388 3037 1420 3068; x_wconf 95' lang='lat' dir='ltr'>p.</span> <span class='ocrx_word' id='word_1_402' title='bbox 1452 3028 1491 3059; x_wconf 73' lang='lat'>14</span> <span class='ocrx_word' id='word_1_403' title='bbox 1510 3027 1547 3059; x_wconf 72' lang='lat'>¹2.</span> 
     </span>
     <span class='ocr_line' id='line_1_49' title="bbox 378 3087 1580 3128; baseline -0.001 -9"><span class='ocrx_word' id='word_1_404' title='bbox 378 3087 392 3109; x_wconf 71' lang='lat'>2¹</span> <span class='ocrx_word' id='word_1_405' title='bbox 420 3087 579 3124; x_wconf 73' lang='lat'>1300111..</span> <span class='ocrx_word' id='word_1_406' title='bbox 608 3088 629 3120; x_wconf 91' lang='lat' dir='ltr'>I.</span> <span class='ocrx_word' id='word_1_407' title='bbox 658 3099 685 3121; x_wconf 78' lang='lat' dir='ltr'>e.</span> <span class='ocrx_word' id='word_1_408' title='bbox 715 3088 736 3126; x_wconf 83' lang='grc'>1,</span> <span class='ocrx_word' id='word_1_409' title='bbox 765 3098 798 3128; x_wconf 88' lang='lat' dir='ltr'>p.</span> <span class='ocrx_word' id='word_1_410' title='bbox 830 3087 924 3121; x_wconf 78' lang='lat'>19¹¹.</span> <span class='ocrx_word' id='word_1_411' title='bbox 1071 3089 1085 3108; x_wconf 76' lang='lat'>³⁸</span> <span class='ocrx_word' id='word_1_412' title='bbox 1113 3088 1265 3123; x_wconf 63' lang='lat' dir='ltr'>booth,</span> <span class='ocrx_word' id='word_1_413' title='bbox 1295 3087 1315 3119; x_wconf 95' lang='grc' dir='ltr'>Ι.</span> <span class='ocrx_word' id='word_1_414' title='bbox 1346 3098 1371 3118; x_wconf 79' lang='lat'>1¹.</span> <span class='ocrx_word' id='word_1_415' title='bbox 1403 3087 1423 3121; x_wconf 78' lang='lat' dir='ltr'>l.</span> <span class='ocrx_word' id='word_1_416' title='bbox 1452 3096 1484 3127; x_wconf 85' lang='lat' dir='ltr'>p.</span> <span class='ocrx_word' id='word_1_417' title='bbox 1515 3087 1580 3118; x_wconf 73' lang='grc' dir='ltr'><em>ἶι“-’·“·.</em></span> 
     </span>
    </p>
   </div>
   <div class='ocr_carea' id='block_1_16' title="bbox 310 3154 1201 3188">
    <p class='ocr_par' dir='ltr' id='par_1_19' title="bbox 310 3154 1201 3188">
     <span class='ocr_line' id='line_1_50' title="bbox 310 3154 1201 3188; baseline 0.001 -8"><span class='ocrx_word' id='word_1_418' title='bbox 310 3154 423 3182; x_wconf 72' lang='grc' dir='ltr'>ΒοίῑΓ.</span> <span class='ocrx_word' id='word_1_419' title='bbox 446 3154 517 3182; x_wconf 76' lang='lat' dir='ltr'>XXl.</span> <span class='ocrx_word' id='word_1_420' title='bbox 557 3156 635 3188; x_wconf 70' lang='lat' dir='ltr'>(icy</span> <span class='ocrx_word' id='word_1_421' title='bbox 645 3164 661 3181; x_wconf 76' lang='lat' dir='ltr'>e</span> <span class='ocrx_word' id='word_1_422' title='bbox 671 3162 698 3184; x_wconf 87' lang='lat' dir='ltr'>r.</span> <span class='ocrx_word' id='word_1_423' title='bbox 719 3154 890 3183; x_wconf 60' lang='lat' dir='ltr'>Abiu-lurda</span> <span class='ocrx_word' id='word_1_424' title='bbox 911 3155 1018 3188; x_wconf 74' lang='lat' dir='ltr'>philos.</span> <span class='ocrx_word' id='word_1_425' title='bbox 1040 3154 1201 3181; x_wconf 64' lang='lat' dir='ltr'>Schriften.</span> 
     </span>
    </p>
   </div>
   <div class='ocr_carea' id='block_1_17' title="bbox 1747 3146 1764 3176">
    <p class='ocr_par' dir='ltr' id='par_1_20' title="bbox 1747 3146 1764 3176">
     <span class='ocr_line' id='line_1_51' title="bbox 1747 3146 1764 3176; textangle 90"><span class='ocrx_word' id='word_1_426' title='bbox 1747 3146 1764 3176; x_wconf 63' lang='lat'>¹:</span> 
     </span>
    </p>
   </div>
  </div>
 </body>
</html>
