2200 3387
507 226 538 259 2.
566 225 632 259 Die
659 225 814 259 Glossen
843 234 886 258 zu
914 226 983 258 den
1012 226 1246 268 Kategorien.
1278 247 1314 251 ---
1348 227 1399 260 De
1426 229 1618 269 oppositis.
1838 227 1906 262 269

228 322 347 361 Unde
374 324 550 369 apparet
576 322 853 369 privationem
887 324 927 360 et
964 322 1146 359 habitum
1186 332 1288 368 pura
1326 324 1560 361 accidentia
1596 334 1693 362 esse
1733 327 1774 362 et
1808 325 1905 362 nulli

227 389 558 425 substantialiter
597 388 748 427 inesse.
789 397 880 424 cum
920 387 1079 424 scilicet
1125 397 1261 433 neque
1301 389 1578 425 advenientes
1615 399 1752 436 neque
1792 399 1904 427 rece-

226 455 373 491 dentes
402 454 440 490 in
468 453 703 490 substantia
729 455 1007 499 corrumpant.
1065 452 1110 489 Ut
1140 453 1256 489 visio.
1310 453 1391 490 Sed
1428 464 1536 499 quae
1575 455 1679 491 visio
1718 459 1759 492 ct
1796 465 1904 501 quae

226 519 408 556 caecitas
435 520 547 556 circa
573 528 696 565 quem
725 518 889 556 oculum
916 518 1071 555 liabent
1103 518 1224 555 t'ieri‘.)
1267 520 1318 555 At
1351 528 1451 555 vero
1486 521 1566 556 talc
1602 523 1666 556 est
1700 521 1903 557 visionem

189 592 205 618 5
226 587 268 622 et
295 585 542 622 caecitatem
570 593 697 630 posse
725 584 816 620 fieri
844 584 955 620 circa
983 583 1158 624 oculum.
1190 593 1240 620 ac
1268 584 1302 620 si
1336 585 1494 621 diceret
1527 586 1705 622 eundem
1741 587 1904 622 oculum

225 659 353 697 posse
381 650 525 687 videre
554 652 595 686 et
622 659 792 686 caecum
822 658 931 686 esse.
989 649 1296 686 universaliter
1325 652 1481 687 autem.
1534 650 1753 688 Indefinite
1791 651 1904 692 dixit,

225 715 334 761 quod
362 714 471 751 idem
501 714 609 760 quod
638 715 702 751 est
729 713 998 759 susceptibile
1026 714 1203 755 habitus,
1242 716 1306 750 est
1342 714 1588 759 privationis
1623 715 1904 761 susceptibile,

223 789 303 817 nec
317 780 613 817 determinavit
628 782 761 816 utrum
778 781 935 816 certum
957 779 1163 816 haberent
1184 779 1374 816 ordinem
1395 780 1462 816 vel
1483 790 1578 817 non.
1630 781 1745 817 Nunc
1766 783 1904 818 autem

223 846 518 883 universaliter
545 845 727 882 ostendit
760 845 869 890 quod
907 854 1030 881 omne
1068 845 1178 890 quod
1216 847 1281 881 est
1317 846 1586 891 susceptibile
1627 846 1801 887 habitus,
1841 850 1906 884 est

171 917 204 944 10
225 911 350 949 etiam
378 911 636 957 privationis,
673 912 714 947 et
741 912 878 947 certus
915 912 979 947 est
1022 910 1124 946 ordo
1162 910 1202 946 in
1240 911 1510 956 susceptione
1545 921 1700 953 eorum,
1742 912 1838 958 quia
1870 913 1904 949 si

222 977 438 1023 contingat
465 979 685 1021 utrumque
714 976 870 1022 suscipi
898 976 949 1012 ab
978 975 1127 1012 eodem
1157 976 1358 1018 subiecto,
1395 977 1509 1022 prius
1546 977 1673 1014 habet
1709 978 1903 1014 habitum.

221 1044 372 1088 postea
399 1041 690 1088 privationem.
743 1040 876 1082 Quem
905 1041 1071 1086 quidem
1099 1041 1288 1078 ordinem
1316 1042 1455 1079 statim
1484 1043 1669 1084 denotat,
1697 1052 1789 1080 cum
1812 1053 1904 1090 sup-

220 1107 354 1154 ponit:
378 1107 553 1153 privari
580 1117 678 1144 vero
703 1109 803 1144 tunc·
824 1107 1009 1143 dicimus
1028 1109 1104 1144 etc.
1158 1106 1442 1144 Continuatio:
1471 1108 1690 1145 Indefinite
1710 1108 1807 1150 dixi,
1830 1109 1903 1145 sed

220 1172 517 1210 universaliter
544 1174 608 1209 est
637 1173 788 1214 dicere,
826 1172 865 1209 id
894 1174 959 1209 est
985 1174 1125 1218 potest
1159 1173 1248 1214 dici,
1286 1173 1396 1219 quod
1433 1174 1474 1210 in
1512 1183 1775 1219 quocumque
1812 1175 1904 1211 sub-

166 1246 200 1273 15
220 1239 330 1276 iecto
358 1239 523 1276 habitus
551 1239 679 1275 habet
706 1240 896 1275 naturam
926 1238 1030 1280 fieri,
1058 1239 1098 1274 id
1126 1240 1190 1275 est
1218 1239 1508 1285 quodcumque
1546 1239 1673 1277 habet
1714 1243 1901 1277 naturam

219 1305 271 1341 ad
300 1304 612 1350 suscipiendum
640 1304 838 1345 habitum,
866 1304 993 1341 habet
1020 1304 1144 1340 etiam
1181 1305 1232 1341 ad
1260 1305 1578 1350 {suscipiendam
1613 1305 1904 1351 privationem,

217 1368 265 1407 Et
291 1370 371 1406 hoc
398 1372 481 1406 est:
520 1371 633 1407 circa
667 1369 781 1406 illuc!
812 1370 926 1406 idem
961 1370 1190 1406 subiectum
1232 1371 1317 1407 (liei
1352 1372 1490 1416 potest
1528 1371 1622 1407 lieri
1662 1373 1902 1417 utrumque.

217 1435 376 1472 scilicet
397 1437 479 1473 tam
502 1436 686 1472 habitum
709 1444 833 1480 quam
855 1435 1133 1481 privationem
1158 1435 1251 1472 fieri
1272 1436 1312 1472 in
1337 1437 1452 1473 certo
1475 1436 1633 1477 ordine,
1661 1437 1717 1473 ita
1745 1437 1903 1473 scilicet

217 1501 328 1547 quod
344 1501 379 1538 si
401 1501 535 1538 eidem
558 1501 814 1548 contingunt,
835 1501 1065 1546 praecedat
1087 1501 1252 1538 habitus
1273 1502 1562 1547 privationem.
1607 1501 1740 1543 Quem
1763 1502 1901 1539 statim

162 1573 198 1600 20
218 1567 407 1604 ordinem
434 1566 579 1613 aperit,
608 1576 699 1603 cum
727 1566 801 1602 ait:
829 1567 1002 1603 Pm'vari
1027 1576 1138 1610 vero,
1164 1566 1204 1602 id
1226 1569 1291 1604 est
1311 1567 1588 1613 privationem
1616 1567 1784 1609 habere,
1812 1570 1903 1604 lum
1930 1555 2095 1624 Βθξῐῗῐχ

215 1632 401 1669 dicimus
427 1632 770 1678 unumquodque
804 1632 1037 1669 subiectum
1072 1632 1182 1677 quod
1218 1632 1464 1670 naturaliter
1499 1633 1664 1670 habitus
1701 1634 1903 1680 suscepti—
1933 1603 2087 1647 ¹'’“69(

213 1697 296 1735 bile
324 1700 400 1739 est,
427 1698 605 1739 quando
634 1697 681 1734 id
707 1698 766 1734 acl
792 1697 910 1740 quod
936 1699 1089 1734 natum
1120 1699 1178 1734 est
1206 1698 1372 1741 habere,
1405 1698 1484 1735 hoc
1512 1701 1577 1735 est
1604 1699 1750 1744 ipsum,
1778 1699 1900 1736 nullo

213 1763 340 1800 modo
367 1764 501 1800 habet.
553 1762 669 1800 Bene
694 1763 791 1800 dicit
818 1763 1050 1800 subiectum
1076 1765 1218 1800 natum
1245 1773 1343 1800 esse
1371 1763 1422 1800 ad
1444 1764 1681 1801 habendum
1702 1765 1898 1804 habitum.

213 1838 297 1865 non
324 1829 376 1866 ad
404 1829 640 1865 habendam
667 1829 957 1874 privationem,
986 1828 1082 1874 quia
1109 1831 1260 1866 natura
1287 1829 1463 1866 subiecti
1491 1830 1568 1866 nisi
1596 1829 1741 1867 vitiata
1769 1833 1898 1872 esset,

159 1900 194 1926 25
215 1903 384 1940 semper
411 1894 593 1931 habitum
625 1894 870 1940 requireret.
922 1893 1023 1931 Cum
1053 1895 1162 1931 enim
1191 1895 1369 1941 privatio
1398 1895 1524 1936 venit,
1551 1895 1614 1932 vis
1637 1896 1811 1932 infertur
1830 1905 1901 1933 na-

213 1962 344 1996 turae.
398 1958 516 2000 Quod
551 1969 652 1996 vero
692 1960 770 1996 ait:
809 1960 954 1999 ,nullo‘,
992 1959 1074 1996 tale
1110 1961 1182 1997 est.
1220 1969 1270 1997 ac
1303 1960 1338 1997 si
1372 1960 1547 1997 diceret:
1584 1960 1800 1998 definitum
1835 1964 1899 1998 est

213 2034 267 2062 ex
294 2027 444 2062 natura
470 2025 636 2062 habitus
664 2025 798 2071 ipsum
827 2025 1004 2071 amplius
1032 2035 1115 2062 non
1143 2024 1391 2067 adfuturum,
1429 2029 1472 2062 ut
1498 2026 1694 2063 videlicet
1722 2037 1804 2064 non
1833 2037 1899 2064 so-

211 2090 294 2127 lum
322 2100 406 2127 non
436 2091 489 2127 sit
515 2092 623 2133 actu,
652 2091 727 2128 sed
755 2100 834 2128 nec
863 2091 985 2128 etiam
1015 2100 1101 2137 spe.
1155 2090 1279 2128 Velut
1314 2093 1535 2137 postquam
1571 2102 1641 2129 res
1677 2093 1729 2129 ad
1763 2093 1899 2130 deter-

211 2156 410 2193 minatum
438 2158 604 2202 tempus
632 2157 806 2197 venerit,
836 2157 910 2194 sed
939 2158 1037 2194 tunc
1064 2157 1247 2194 habitum
1275 2166 1359 2194 non
1384 2157 1520 2199 habet,
1548 2160 1706 2195 certum
1730 2160 1795 2195 est
1814 2161 1896 2194 tum

155 2221 387 2268 ³0amplius
415 2232 497 2259 non
525 2222 670 2259 haberi
700 2224 741 2259 et
775 2222 1053 2268 privationem
1090 2223 1182 2259 loco
1220 2223 1386 2259 habitus
1424 2223 1666 2264 succedere.
1707 2228 1751 2260 ut
1787 2224 1821 2260 si
1857 2224 1897 2260 in

211 2297 322 2324 nono
351 2287 418 2324 die
454 2287 616 2324 catulus
652 2297 734 2324 non
763 2288 917 2329 videat.
963 2288 1031 2334 qui
1068 2288 1235 2334 quidem
1272 2289 1373 2330 dies,
1413 2291 1455 2325 ut
1488 2289 1614 2330 aiunt,
1650 2289 1897 2335 praefinitus

211 2353 276 2388 est
316 2360 341 2388 a
384 2354 533 2388 natura
568 2354 607 2388 et
648 2351 861 2388 institutus
901 2351 953 2388 ad
993 2353 1304 2398 susceptionem
1341 2353 1468 2391 visus.
1509 2353 1545 2389 si
1571 2353 1734 2390 futurus
1768 2356 1895 2391 esset.

210 2418 375 2453 constat
402 2416 582 2453 catulum
610 2416 786 2463 amplius
815 2426 986 2454 caecum
1017 2427 1124 2455 esse.

352 2482 587 2518 Edentulus
614 2482 740 2519 enim.
794 2482 902 2520 Vere
931 2485 1028 2520 tunc
1056 2484 1232 2520 dicimus
1260 2484 1424 2529 privari.
1453 2483 1598 2530 [quod]
1621 2485 1788 2530 quando
1811 2495 1893 2521 non
1923 2461 2086 2553 113⁰&th

153 2554 189 2582 35
209 2548 334 2584 habet
361 2547 400 2584 id
427 2548 476 2584 ad
507 2547 617 2593 quod
645 2550 785 2584 natum
815 2550 880 2585 est
908 2549 1076 2590 habere,
1106 2550 1202 2595 quia
1239 2551 1336 2586 tunc
1371 2549 1548 2587 dicimus
1583 2550 1824 2587 edentulum
1855 2553 1896 2587 et
1950 2535 1994 2544 '-

208 2622 393 2651 caecum,
428 2613 594 2658 quando
636 2622 719 2649 non
756 2613 893 2653 habet.
928 2614 1039 2660 quod
1076 2614 1278 2661 contingit
1315 2615 1483 2652 habere.
1536 2615 1570 2652 Α
1598 2616 1796 2661 partibus.
1849 2615 1894 2651 Et

208 2679 321 2725 prius
359 2680 558 2718 removet.
595 2679 704 2724 quod
746 2688 829 2715 non
865 2689 987 2716 omne
1029 2680 1127 2716 illud
1168 2681 1278 2725 quod
1320 2683 1436 2717 caret
1476 2681 1669 2717 dentibus
1700 2681 1766 2718 vel
1795 2681 1895 2720 visu.

208 2744 361 2781 dicitur
389 2743 629 2780 edentulum
658 2744 724 2781 vel
751 2753 934 2781 caecum.
986 2744 1033 2781 Et
1060 2745 1139 2781 hoc
1166 2747 1246 2781 est:
1276 2746 1533 2782 Edentulnm
1565 2747 1678 2782 em‘m
1709 2747 1893 2783 (lisimas

209 2810 321 2847 illum
351 2809 418 2855 qui
447 2809 614 2855 quando
644 2809 846 2856 contingit
872 2810 1030 2847 habere
1059 2810 1219 2851 dentes,
1258 2820 1340 2847 non
1375 2811 1511 2848 habet.
1549 2812 1622 2848 sed
1663 2821 1743 2847 non
1783 2812 1892 2848 illum

153 2876 279 2922 wqui
317 2885 398 2912 non
437 2875 564 2911 habet
600 2875 748 2912 dentes
777 2877 853 2912 etc.
907 2875 1127 2919 Quaedam
1168 2876 1294 2912 enim.
1348 2876 1457 2913 Vere
1498 2886 1579 2913 non
1618 2886 1741 2913 omne
1782 2878 1892 2922 quod

209 2951 295 2978 non
318 2941 444 2977 habet
466 2941 626 2980 dentes.
650 2940 798 2977 dicitur
818 2940 1056 2977 edentulum
1086 2950 1164 2977 nec
1191 2950 1315 2978 omne
1343 2942 1451 2987 quod
1481 2951 1563 2978 non
1592 2943 1718 2978 habet
1745 2942 1891 2981 visum.

208 3005 360 3042 dicitur
386 3014 570 3045 caecum,
599 3004 696 3050 quia
723 3005 928 3050 quaedam
964 3005 1264 3051 generationes
1293 3007 1398 3046 sunt,
1428 3005 1466 3042 id
1495 3008 1559 3042 est
1586 3006 1793 3051 quaedam
1822 3015 1890 3042 res

356 3116 375 3148 3
403 3117 660 3157 corrumpatur
686 3116 714 3148 A
839 3115 882 3148 22
910 3124 982 3149 non
1011 3118 1067 3148 est
1094 3116 1150 3149 ha.
1180 3116 1208 3148 Α
1338 3115 1383 3149 36
1413 3114 1575 3157 quando]
1603 3116 1689 3157 quia
1716 3116 1756 3149 A.
