2200 3387
216 936 248 962 10

214 1264 246 1290 15

213 1596 248 1622 20

211 1923 246 1948 25

210 2251 245 2278 30

211 2578 246 2604 35

211 2902 246 2927 40

509 250 539 283 2.
568 251 633 284 Die
660 252 816 286 Glossen
845 262 888 286 zu
915 253 985 285 den
1015 254 1248 295 Kategorien.
1278 273 1320 276 —
1349 254 1401 287 De
1428 255 1544 287 modis
1572 255 1693 287 Simul.
1877 253 1946 288 295

269 347 438 391 generis
481 350 628 385 contra
680 359 726 385 se
777 352 996 395 ponuntur.
1048 352 1365 387 convertuntur
1402 353 1568 388 etenim.
1630 352 1944 389 Commendatio

271 413 451 458 exempli
488 416 553 449 est
589 424 727 451 causa.
781 415 887 451 Nam
917 426 1024 451 cum.
1079 416 1186 452 Vere
1221 419 1530 453 convertuntur.
1559 417 1654 462 qnia
1694 418 1771 453 lioc
1811 418 1944 459 modo,

270 477 379 522 quod
409 478 486 514 hoc
514 479 569 515 ita
597 480 726 525 exigit
754 480 848 516 illud
878 482 917 517 et
956 481 1052 517 illud
1090 481 1210 521 istud.
1248 482 1356 527 quod
1396 482 1506 518 nullo
1542 483 1664 518 modo
1702 483 1861 528 absque
1898 493 1944 519 se

270 552 366 578 esse
395 547 581 588 possunt,
609 545 683 581 sed
714 547 902 581 neutrum
932 547 996 581 est
1023 555 1154 582 causa
1185 546 1366 582 alterius
1418 547 1451 583 A
1490 550 1606 591 parte
1644 548 1944 583 conversionis.

413 607 702 649 Quaeritur,
731 611 865 645 utrum
894 610 985 645 sola
1012 609 1188 646 relativa
1208 610 1286 646 hoc
1311 611 1503 648 habeant.
1533 614 1573 647 et
1603 611 1766 647 videtur
1793 612 1946 648 actioni

268 681 433 717 quoque
462 675 503 709 et
530 674 715 719 passioni
742 674 880 711 illatae
908 675 960 710 ab
989 684 1040 711 ea
1067 675 1305 715 convenire.
1339 675 1444 711 sicut
1472 678 1536 712 est
1564 676 1706 712 videre
1735 679 1775 712 et
1803 677 1944 715 videri.

268 737 345 773 nisi
373 737 480 774 forte
509 739 680 778 dicatur.
709 739 818 785 quod
847 739 955 776 actio
979 742 1041 776 est
1060 750 1190 776 causa
1205 741 1512 785 quodammodo
1535 742 1745 786 passionis
1774 744 1814 778 et
1835 742 1946 787 prior

268 803 512 839 naturaliter
527 806 567 840 et
583 804 890 849 quodammodo
914 814 1006 842 eam
1028 805 1189 842 faciens
1215 806 1443 842 secundum
1466 807 1543 843 boc
1565 807 1674 852 quod
1697 816 1789 843 eam
1812 807 1945 844 infert.

268 866 476 907 Quaerit
504 868 628 904 etiam
651 868 811 913 aliquis,
834 870 968 905 utrum
985 869 1141 906 risibile
1173 870 1466 916 etnavigabile
1489 871 1567 907 hoc
1594 871 1786 907 habeant.
1828 871 1945 912 Quod

269 932 378 968 nullo
398 933 520 969 modo
537 933 701 970 videtur
716 943 871 975 verum,
892 944 982 970 cum
1003 935 1162 971 scilicet
1177 935 1287 971 nulla
1309 945 1362 972 ex
1383 938 1531 972 natura
1546 946 1622 972 sua
1637 937 1945 973 adiunctionem

267 998 460 1038 habeant.
489 999 598 1034 unde
633 999 859 1036 existentia
895 1000 1066 1036 alterius
1099 1001 1242 1047 exigat
1275 1001 1541 1037 existentiam
1580 1002 1761 1038 alterius.
1814 1002 1945 1043 Quam

265 1062 448 1099 fortasse
475 1063 783 1101 adiunctionem
813 1066 982 1106 notavit,
1011 1076 1103 1102 cum
1131 1067 1205 1102 ait:
1232 1068 1466 1103 seczmdum
1489 1068 1605 1109 quod
1624 1070 1682 1104 est
1701 1078 1786 1104 esse
1806 1078 1945 1105 conse-

266 1129 500 1173 quentiam,
533 1129 612 1165 hoc
641 1131 705 1166 est
738 1131 967 1167 secundum
1005 1132 1316 1169 comitationem
1358 1143 1411 1169 ex
1443 1133 1711 1169 adiunctione
1752 1134 1946 1180 propriae

266 1193 530 1231 existentiae.
584 1195 687 1231 Nihil
716 1198 854 1232 autem
893 1196 1074 1242 impedit.
1113 1197 1202 1234 sive
1240 1198 1340 1234 solis
1378 1198 1563 1235 relativis
1599 1199 1816 1244 praedicta
1854 1210 1945 1245 pro-

265 1259 423 1304 prietas
451 1261 675 1297 conveniat
703 1261 792 1298 sive
821 1271 915 1297 non.

410 1326 624 1362 Dicuntur
649 1329 805 1363 (netem.
857 1327 946 1364 Non
984 1329 1116 1364 solum
1154 1329 1368 1374 praedicta
1405 1332 1501 1366 sunt
1537 1330 1656 1366 simul
1693 1331 1936 1367 naturaliter

267 1391 342 1427 sed
370 1391 493 1427 etiam
523 1392 591 1428 illa
618 1402 906 1439 quaecumque
935 1403 989 1429 ex
1011 1394 1161 1430 eodem
1182 1404 1339 1440 genere
1368 1398 1456 1433 etc..
1484 1396 1563 1432 hoc
1584 1398 1648 1432 est
1669 1406 1944 1442 quaecunque

267 1455 308 1491 in
337 1456 486 1492 eodem
513 1466 670 1502 genere
699 1458 995 1494 convenientia
1023 1459 1260 1495 dividuntur
1281 1460 1332 1495 ab
1360 1460 1537 1496 invicem
1561 1470 1583 1497 e
1606 1461 1786 1499 diverso.
1814 1462 1853 1498 id
1882 1463 1945 1498 est

267 1530 320 1557 ex
361 1522 605 1559 diversitate
642 1532 779 1559 rerum
814 1526 1104 1560 contentarum
1145 1524 1311 1560 diversa
1350 1527 1445 1561 sunt
1485 1527 1536 1562 ab
1570 1526 1745 1562 invicem
1787 1528 1828 1563 et
1867 1528 1945 1564 sibi

268 1586 472 1631 opposita.
524 1586 655 1623 Aliter
681 1587 789 1623 enim
818 1588 859 1624 in
887 1588 1093 1625 divisione
1121 1589 1289 1635 generis
1317 1589 1414 1634 poni
1442 1599 1525 1626 non
1553 1592 1738 1635 possent,
1766 1591 1843 1627 nisi
1871 1592 1946 1628 sci—

266 1651 361 1688 licet
389 1654 429 1688 et
449 1652 489 1688 in
510 1662 668 1698 genere
691 1653 966 1690 convenirent
983 1656 1023 1690 et
1043 1654 1083 1690 in
1096 1655 1274 1700 propriis
1291 1655 1664 1701 significationibus
1682 1656 1943 1693 dissiderent.

410 1718 444 1754 Ε
475 1718 640 1754 diverso
673 1721 829 1755 autem.
883 1718 988 1760 Quia
1024 1719 1166 1766 ignota
1203 1722 1322 1756 erant
1356 1721 1496 1761 verba,
1536 1721 1719 1767 exponit.
1760 1722 1857 1767 quid
1893 1723 1946 1759 sit

268 1792 301 1823 ,e
330 1783 495 1819 diverso
525 1783 674 1825 dividi&
703 1784 781 1821 hoc
808 1786 872 1820 est
899 1784 997 1830 poni
1025 1787 1170 1821 contra
1198 1795 1244 1822 se
1271 1786 1312 1822 in
1341 1786 1547 1823 divisione
1582 1787 1780 1824 eiusdem.
1833 1788 1945 1824 Haec

266 1848 393 1884 enim.
445 1848 761 1885 Commendatio
802 1851 867 1886 est
905 1851 1203 1896 exemplorum.
1254 1852 1433 1888 Animal
1473 1862 1668 1897 namque.
1722 1852 1829 1889 Vere
1866 1853 1945 1890 ista

267 1916 476 1959 ponuntur
510 1914 550 1950 in
585 1915 790 1951 divisione
827 1915 1016 1952 eiusdem
1056 1917 1236 1962 generis.
1265 1917 1361 1962 quia
1400 1917 1602 1954 animalis.
1654 1918 1689 1954 Α
1717 1920 1846 1964 parte.
1898 1918 1945 1955 Et

265 1980 344 2016 hoc
371 1982 452 2016 est:
480 1981 651 2017 animal
678 1981 805 2017 enim.
852 1982 901 2017 Et
929 1982 1040 2018 nihil
1068 1983 1222 2018 horum
1255 1984 1342 2021 etc..
1372 1983 1461 2019 sive
1485 1983 1644 2020 scilicet
1665 1986 1864 2029 quantum
1891 1985 1943 2020 ad

264 2044 621 2090 praedicationem
648 2045 817 2091 generis
845 2045 935 2082 sive
964 2048 1162 2091 quantum
1191 2047 1242 2083 ad
1270 2048 1462 2083 naturam
1491 2047 1719 2084 divisionis.
1773 2047 1814 2084 Si
1834 2049 1942 2085 enim

265 2110 494 2146 secundum
521 2110 877 2156 praedicationem
905 2112 1075 2157 generis
1103 2112 1279 2148 alterum
1306 2112 1419 2158 prius
1449 2115 1562 2149 esset
1589 2113 1733 2151 altero.
1763 2116 1805 2150 ut
1833 2114 1945 2151 vide-

264 2175 361 2212 licet
387 2185 513 2212 unum
540 2178 848 2222 supponeretur
873 2177 1020 2223 generi
1046 2177 1256 2214 mediante
1285 2178 1428 2217 altero.
1466 2188 1549 2215 non
1579 2181 1723 2215 essent
1751 2180 1945 2225 opposita

265 2250 344 2277 nec
370 2241 464 2277 ideo
492 2241 612 2278 simul
635 2242 676 2278 in
704 2242 910 2279 divisione
937 2243 1144 2288 ponenda.

409 2306 630 2342 Dividitur
648 2309 804 2344 autem.
851 2307 956 2348 Quia
977 2310 1136 2344 tantum
1157 2309 1321 2346 dixerat
1342 2309 1411 2346 illa
1425 2310 1613 2347 dividere
1627 2312 1667 2346 et
1684 2320 1766 2346 non
1783 2310 1946 2347 dixerat

266 2371 404 2411 dividi,
432 2371 656 2413 videretur.
685 2373 793 2417 quod
816 2382 897 2409 non
921 2373 1046 2409 dividi
1067 2376 1243 2419 possent
1258 2384 1333 2420 per
1353 2375 1447 2414 alia,
1470 2376 1511 2411 et
1532 2375 1626 2412 ideo
1649 2376 1727 2412 hoc
1750 2376 1942 2412 ostendit.

266 2436 401 2473 Erunt
428 2447 539 2482 eryo.
592 2437 937 2484 Quandoquidem
966 2439 1045 2475 ista
1072 2448 1179 2484 quae
1207 2441 1394 2485 apposui,
1424 2442 1519 2477 sunt
1546 2441 1663 2477 simul
1688 2442 1942 2480 naturaliter.

266 2502 363 2547 quia
378 2504 474 2538 sunt
495 2504 571 2539 sub
594 2504 742 2539 eodem
763 2513 921 2549 genere
944 2505 1172 2541 secundum
1195 2506 1371 2542 eandem
1398 2506 1659 2547 divisionem,
1682 2516 1782 2553 ergo
1805 2507 1943 2543 omnia

267 2566 360 2603 alia.
413 2567 608 2604 Similiter
634 2578 742 2614 quae
770 2570 936 2611 habent,
965 2572 1061 2606 sunt
1087 2571 1333 2608 naturaliter
1360 2571 1492 2607 simul.
1544 2572 1577 2608 Α
1615 2572 1738 2608 simili
1773 2575 1943 2618 propter

267 2633 443 2670 eandem
472 2643 653 2670 causam.
707 2634 872 2671 Genera
898 2645 1000 2672 vero
1028 2636 1135 2672 inter
1162 2646 1208 2672 se
1230 2636 1361 2677 simul,
1389 2637 1463 2673 sed
1486 2647 1569 2674 non
1592 2640 1687 2673 sunt
1709 2638 1828 2674 simul
1850 2648 1940 2674 cum

266 2708 434 2745 genere.
462 2699 558 2744 quia
586 2699 781 2736 videlicet
808 2709 965 2746 genera
992 2703 1086 2737 sunt
1114 2701 1263 2747 priora.
1314 2702 1454 2746 Neque
1474 2703 1600 2738 enim.
1653 2703 1762 2739 Vere
1783 2712 1941 2748 genera

266 2766 361 2800 sunt
396 2765 544 2809 priora.
582 2764 677 2810 quia
714 2765 791 2802 hoc
828 2766 963 2807 modo,
997 2767 1107 2812 quod
1143 2777 1227 2803 non
1264 2770 1565 2804 convertuntur
1600 2768 1941 2813 consequentiae.

266 2830 299 2865 Α
328 2831 444 2875 parte
466 2829 617 2865 Prioris
641 2830 705 2866 vel
727 2840 752 2866 a
771 2831 1052 2876 descriptione
1074 2832 1302 2868 secundum
1326 2842 1447 2868 unam
1471 2832 1754 2869 definitionem
1779 2833 1941 2871 Prioris.

266 2894 299 2930 si
327 2893 558 2939 aequivoce
587 2894 747 2930 dicatur
774 2894 889 2930 Prius
917 2895 968 2931 ad
997 2895 1224 2931 secundum
1254 2896 1418 2931 modum
1447 2905 1521 2941 per
1554 2906 1611 2932 se.
1663 2897 1802 2932 Simul
1829 2907 1940 2941 erqo.

265 2956 454 3003 Epilogat
481 2958 589 3003 quod
619 2957 765 2994 diffuse
794 2958 898 2994 dixit
925 2959 975 2994 de
1003 2958 1136 2994 modis
1164 2958 1302 2995 Simul.
1354 2959 1635 2995 Continuatio:
1665 2959 1769 3000 Quia
1791 2960 1940 2996 diffuse

268 3022 457 3062 diximus.
495 3032 595 3069 ergo
623 3025 666 3058 ut
693 3023 919 3059 memoriae
947 3024 1299 3063 commendemus.
1337 3025 1518 3060 breviter
1553 3025 1855 3071 recolligamus.
1908 3026 1941 3061 A

267 3097 405 3124 causa.
459 3087 533 3124 Vel
561 3089 791 3125 secundum
818 3089 1053 3134 praemissa
1081 3090 1274 3135 exempla
1302 3092 1440 3135 potest
1467 3100 1564 3127 esse
1598 3090 1724 3127 illatio
1761 3100 1786 3127 a
1819 3091 1940 3127 simili

266 3154 465 3197 quantum
492 3152 545 3188 ad
572 3152 654 3188 alia
680 3152 747 3189 vel
774 3154 914 3198 potest
940 3162 1035 3189 esse
1063 3163 1088 3189 a
1114 3153 1312 3199 partibus.

1975 1308 2110 1343 Boeth.

1940 1361 1946 1369 ’
1976 1367 2008 1399 p.
2020 1355 2090 1390 288
2105 1354 2136 1390 A

1974 2281 2109 2316 Boeth.

1975 2340 2008 2372 p.
2023 2329 2093 2363 288
2106 2329 2132 2364 (Ἴ
