2200 3387
0 200 9 207 v
4 126 19 164 :a

185 931 217 956 lo

185 1263 216 1288 15

183 2247 218 2269 30

519 240 549 272 2.
579 239 643 272 Dio
671 239 826 272 (nosset)
856 248 898 271 zu
927 239 994 271 ‹lcu
1026 239 1258 279 Kutcgorieu.
1292 257 1329 261 —
1362 240 1411 272 Dc
1440 241 1632 282 oppositis,
1846 240 1913 274 2435

237 336 365 373 lativa
392 337 471 373 ista
499 336 623 373 etiam
652 338 801 373 tractat
829 336 1056 372 secundum
1086 336 1324 382 opinionem
1353 337 1538 377 aliorum.
1567 339 1686 384 quasi
1709 339 1791 375 sint
1812 349 1913 376 vera

1944 375 2082 412 Boeth.

238 402 424 438 relativa.
484 401 820 446 Disciplinamm
863 401 989 437 enim.
1050 400 1158 438 Vere
1198 402 1478 447 assignantur.
1517 404 1613 448 quia
1650 414 1726 449 per
1764 406 2101 467 geneti-¹,·.3(35,B

237 477 344 504 vum.
398 468 429 504 Α
459 469 588 513 parte.
640 466 686 503 Et
714 467 792 503 hoc
820 468 901 503 est:
939 466 1266 511 diseefplirmtum
1297 468 1423 503 enim.
1477 470 1777 511 (fimet-umque
1803 480 1913 514 erqo.

239 532 584 578 Quandoquidem
619 532 784 578 duplum
823 532 900 568 hoc
937 532 1069 577 ipsum
1111 533 1218 577 quod
1261 535 1335 569 est.
1377 533 1522 569 dicitur
1558 534 1741 571 alterius.
1776 535 1814 570 id
1852 539 1915 571 est

238 598 415 634 refertur
443 607 516 643 per
543 598 794 643 genetivum.
833 600 873 634 et
906 597 1096 633 similiter
1123 598 1330 642 quaedam
1367 607 1469 634 vera
1503 599 1689 638 relativa.
1728 609 1827 645 ergo
1866 610 1916 637 ea

237 672 345 709 quae
374 666 470 700 sunt
496 664 548 700 ad
577 663 742 709 aliquid.
772 663 962 699 dicuntur
990 662 1068 699 hoc
1097 663 1230 707 ipsum
1259 663 1368 709 quod
1391 666 1497 703 sunt,
1525 664 1710 701 aliorum.
1764 666 1797 702 A
1826 675 1915 711 par-

237 729 356 765 tibus.
410 729 713 766 Universaliter
748 729 858 766 dico:
896 738 1186 774 quaecumque
1221 732 1317 766 sunt
1353 730 1405 766 ad
1441 730 1596 776 aliquid
1623 731 1689 768 vel
1726 731 1916 768 dicuntur

237 794 422 833 aliorum.
449 794 488 831 id
517 797 582 831 est
609 795 845 831 referuntur
871 794 924 830 ad
952 794 1044 834 alia.
1073 803 1148 840 per
1174 795 1414 841 genetivum
1443 796 1509 832 vel
1536 796 1666 837 aliter.
1694 796 1733 833 id
1762 799 1827 833 est
1854 807 1916 834 se-

237 861 416 898 cundum
452 860 530 897 hoc
564 860 673 906 quod
708 859 968 905 disciplinam
1008 862 1048 895 et
1085 859 1391 905 disciplinatum
1426 861 1541 906 ponit
1581 862 1702 907 quasi
1740 862 1916 900 relativa

238 925 466 962 secundum
496 925 748 962 sententiam
777 925 1148 961 Platonicorum
1177 925 1337 962 scilicet
1364 936 1417 962 ex
1445 927 1690 972 praemissis
1711 927 1915 974 exemplis

236 1002 259 1028 a
287 991 474 1037 partibus
503 999 598 1027 esse
626 991 703 1027 sic:
733 990 1079 1036 Quandoquidem
1108 991 1274 1036 duplum
1303 991 1451 1028 dicitur
1478 992 1649 1029 alterius
1678 995 1719 1029 et
1740 993 1916 1039 discipli-

237 1058 378 1093 natum
406 1056 577 1093 alterius
605 1058 645 1092 et
673 1056 862 1093 similiter
894 1056 976 1092 alia
1009 1056 1201 1093 dicuntur
1233 1057 1299 1093 vel
1337 1057 1508 1094 alterius
1547 1058 1610 1094 vel
1646 1058 1775 1095 aliter.
1816 1068 1915 1105 ergo

236 1130 525 1166 quaecumque
553 1122 630 1157 etc.

380 1186 461 1222 Illa
489 1196 597 1222 vero.
650 1185 833 1223 Ostensa
862 1187 1116 1232 proprietate
1138 1187 1409 1223 relativorum
1431 1188 1517 1224 vult
1538 1187 1703 1233 aperire
1725 1191 1914 1225 naturam

237 1252 551 1289 contrariorum.
579 1252 653 1288 sed
681 1252 794 1297 prius
824 1254 1013 1289 removet
1040 1252 1339 1298 proprietatem
1377 1252 1647 1290 relativorum
1685 1263 1811 1299 supra
1847 1264 1916 1300 po-

237 1317 368 1354 sitam.
420 1316 704 1353 Continuatio:
734 1316 804 1352 llla
831 1326 938 1362 quae
967 1318 1232 1362 opponuntur
1260 1319 1302 1353 ut
1329 1317 1515 1359 relativa,
1543 1318 1622 1354 hoc
1649 1318 1784 1364 ipsum
1806 1319 1915 1364 quod

237 1385 343 1421 sunt.
371 1382 563 1419 dicuntur
588 1383 640 1419 ad
663 1382 855 1422 invicem.
884 1383 958 1419 sed
981 1392 1033 1419 ea
1054 1392 1162 1428 quac
1184 1383 1395 1434 contraria
1416 1385 1522 1421 sunt.
1544 1384 1623 1420 hoc
1644 1393 1726 1420 non
1749 1384 1915 1424 habent,

237 1448 333 1494 quia
360 1448 497 1484 album
526 1457 609 1484 non
638 1448 786 1484 dicitur
813 1448 951 1484 album
980 1448 1097 1494 nigri.
1133 1448 1208 1484 sed
1236 1457 1311 1494 per
1339 1458 1458 1484 suum
1487 1449 1680 1494 superius
1708 1449 1916 1496 assignari

235 1513 386 1558 potest,
413 1521 490 1557 per
512 1512 591 1548 hoc
618 1521 770 1548 nomen
800 1512 958 1548 scilicet
985 1511 1095 1557 quod
1123 1514 1188 1548 est
1215 1512 1481 1549 contrarium.
1532 1512 1580 1548 Et
1608 1513 1686 1549 hoc
1707 1515 1789 1550 est:
1811 1513 1916 1550 Con·

236 1578 375 1614 traria
406 1587 501 1614 vero
530 1579 606 1614 etc.
661 1577 800 1619 Neque
820 1578 946 1614 enim.
1000 1577 1109 1614 Vere
1131 1578 1342 1614 contraria
1357 1578 1562 1615 vocabula
1583 1588 1666 1615 non
1683 1579 1918 1616 referuntur

235 1643 276 1680 in
304 1643 473 1690 propria
501 1652 617 1685 voce,
656 1643 731 1680 sed
766 1653 841 1689 per
875 1653 994 1679 suum
1032 1643 1235 1689 superius,
1273 1644 1384 1690 quod
1420 1646 1485 1680 est
1521 1644 1784 1681 contrarium.
1822 1645 1918 1690 quia

235 1708 333 1745 ista:
361 1709 514 1745 bonum
543 1711 584 1745 et
611 1709 762 1745 malum
793 1711 869 1746 etc.
922 1709 956 1745 A
984 1709 1182 1754 partibus.
1236 1709 1378 1753 Quare
1399 1710 1614 1753 differunt,
1636 1710 1731 1755 quia
1759 1710 1917 1747 scilicet

237 1774 276 1811 in
305 1774 384 1810 hoc
420 1774 616 1811 differunt
650 1774 861 1811 contraria
898 1776 939 1811 et
974 1774 1161 1812 relativa.
1199 1774 1296 1820 quia
1335 1775 1530 1812 videlicet
1564 1775 1634 1811 illa
1669 1775 1747 1812 hoc
1784 1775 1915 1821 ipsum

237 1840 347 1885 quod
375 1842 480 1877 sunt.
510 1840 701 1876 dicuntur
727 1840 779 1876 ad
806 1840 998 1881 invicem,
1026 1840 1121 1877 illae
1150 1849 1251 1877 vero
1279 1850 1362 1877 non
1373 1849 1380 1884 ;
1409 1849 1509 1887 ergo
1538 1840 1742 1877 differunt.
1785 1841 1917 1885 Quae-

183 1916 213 1940 ε.-
237 1915 418 1947 eumque
446 1915 551 1941 vero.
605 1904 787 1942 Ostensa
816 1905 1052 1942 differentia
1080 1905 1188 1942 inter
1210 1905 1516 1952 oppositionem
1538 1906 1806 1943 relativorum
1828 1908 1916 1948 <et>

237 1971 550 2008 contrariorum.
585 1972 735 2007 tractat
762 1970 982 2017 diligenter
1015 1972 1206 2007 naturam
1235 1971 1538 2008 contrariorum
1568 1972 1798 2008 ostendens
1826 1982 1917 2018 pro-

237 2036 453 2083 prietatem
501 2038 585 2072 tam
630 2036 906 2073 mediatorum
953 2036 1255 2073 contrariorum
1295 2046 1420 2082 quarn
1461 2037 1806 2074 immediatorum.
1870 2037 1917 2074 Et

237 2101 458 2139 attende.
487 2102 596 2147 quod
619 2111 711 2138 cum
739 2111 820 2138 res
842 2102 1009 2148 proprie
1033 2102 1224 2139 dicantur
1245 2102 1494 2143 contrariae,
1517 2103 1631 2139 velut
1651 2103 1744 2148 ipsa
1766 2103 1915 2140 albedo

237 2169 278 2205 et
292 2168 477 2214 nigredo,
499 2176 607 2213 quae
628 2167 857 2204 secundum
877 2170 1069 2204 naturam
1090 2168 1300 2214 propriam
1323 2168 1505 2205 maxime
1527 2168 1603 2204 sibi
1629 2168 1916 2208 adversantur.

239 2234 280 2269 et
307 2232 493 2269 secundo
521 2232 613 2268 loco
641 2232 777 2278 gratia
803 2241 941 2268 rerum
964 2232 1213 2269 vocabula
1241 2242 1407 2278 quoque
1428 2242 1535 2278 quae
1564 2242 1638 2269 eas
1667 2232 1916 2278 significant.

237 2297 447 2335 contraria
475 2297 664 2334 dicantur
691 2297 804 2334 velut
830 2297 968 2334 album
996 2299 1037 2333 et
1063 2298 1226 2343 nigrum
1254 2300 1295 2335 et
1321 2298 1472 2334 albedo
1511 2300 1551 2335 et
1587 2298 1773 2344 nigredo,
1810 2298 1917 2335 haec

238 2363 386 2400 divisio
423 2362 736 2399 contrariorum.
766 2363 875 2408 quod
912 2363 1071 2400 scilicet
1108 2363 1189 2399 alia
1225 2363 1418 2400 mediata.
1459 2363 1540 2400 alia
1573 2363 1824 2402 immediata.
1864 2364 1916 2400 ad

238 2427 408 2463 nomina
427 2428 586 2463 tantum
608 2427 798 2472 pertinet.
828 2427 878 2463 de
901 2427 1063 2473 quibus,
1092 2430 1134 2464 ut
1156 2430 1332 2473 supra¹
1356 2427 1584 2467 docuimus,
1606 2427 1915 2464 Aristoteles

238 2492 422 2528 intendit.
475 2491 515 2529 Si
543 2492 652 2528 enim
680 2492 956 2538 respiciamus
983 2493 1036 2529 ad
1063 2502 1143 2532 res.
1172 2493 1381 2538 quomodo
1415 2502 1504 2529 rem
1537 2492 1683 2539 ipsam,
1711 2502 1819 2539 quae
1853 2502 1915 2529 sa-

203 2571 218 2596 5
239 2557 347 2594 nitas
384 2557 450 2593 vel
483 2557 714 2603 aegritudo,
752 2557 1034 2594 immediatam
1068 2558 1254 2595 dicemus
1292 2558 1401 2595 circa
1437 2558 1591 2594 animal
1627 2558 1764 2604 potius
1792 2567 1915 2603 quam

239 2623 473 2660 albedinem
502 2624 543 2658 et
570 2622 830 2668 nigredinem
859 2623 970 2660 circa
1003 2623 1185 2670 corpus?
1238 2623 1400 2669 Quippe
1438 2633 1521 2660 non
1556 2625 1620 2660 est
1654 2623 1813 2660 sanitas
1849 2623 1915 2659 vel

238 2688 456 2735 aegritudo
484 2687 563 2724 nisi
589 2687 696 2724 haec
724 2688 788 2725 vel
817 2688 885 2725 illa
912 2689 978 2725 vel
1007 2689 1145 2735 aliqua
1172 2689 1363 2731 aliarum:
1399 2689 1503 2725 haec
1530 2691 1669 2725 autem
1697 2689 1914 2735 aegritudo

239 2755 280 2791 et
307 2753 374 2790 illa
401 2752 561 2789 sanitas
590 2762 672 2790 non
701 2755 796 2790 sunt
822 2753 1063 2791 immediata
1089 2754 1201 2791 circa
1228 2754 1391 2792 animal.
1421 2764 1512 2790 cum
1541 2764 1623 2790 non
1651 2754 1701 2790 sit
1723 2763 1913 2790 necesse.

239 2820 316 2856 hoc
344 2822 409 2855 est
436 2818 769 2856 determinatum.
810 2820 1040 2856 secundum
1079 2820 1138 2856 rei
1178 2821 1368 2856 naturam
1408 2828 1531 2855 omne
1568 2819 1721 2855 animal
1757 2819 1913 2855 habere

186 2894 220 2919 ιο
239 2884 462 2921 sanitatem
490 2884 597 2920 hanc
626 2883 691 2920 vel
718 2884 827 2921 illam
863 2885 1177 2931 aegritudinem.
1231 2883 1426 2921 Similiter
1453 2885 1504 2920 de
1532 2884 1706 2930 singulis
1732 2883 1824 2920 aliis
1851 2893 1914 2920 sa-

239 2949 437 2986 nitatibus
476 2949 542 2985 vel
582 2949 912 2995 aegritudinibus
953 2949 1117 2986 ostendi
1157 2951 1306 2995 potest.
1347 2949 1442 2994 quia
1478 2949 1656 2985 invicem
1696 2958 1777 2986 non
1818 2950 1913 2985 sunt

383 3061 400 3092 4
430 3060 463 3092 id
491 3057 562 3100 est]
589 3060 647 3092 vel
674 3060 701 3092 A
831 3062 871 3092 18
899 3060 1039 3102 nigrum
1073 3062 1098 3092 A

385 3130 392 3151 ¹
425 3130 474 3163 (Ὺ.
502 3139 624 3172 supra
654 3140 684 3171 p.
715 3130 833 3163 26030.

1944 1172 2082 1208 Boetli.

1944 1231 1975 1264 p.
1991 1221 2062 1255 265
2074 1220 2106 1256 I)

1946 1838 2082 1874 Boeth.

1946 1897 1980 1931 ι).
1991 1886 2062 1922 ‘266
2073 1885 2101 1923 C
