2200 3387
189 907 220 932 10

186 1233 218 1258 15

181 2220 217 2246 80

766 219 792 250 l.
823 218 886 250 bio
914 218 1069 249 (ilossen
1099 227 1140 249 zu
1173 218 1406 257 l’orpliyrius.
1879 216 1921 250 15

243 323 316 358 per
329 316 468 359 partes
482 315 898 354 diversasdiceretur.
911 317 951 350 ut
969 315 1056 359 ipse
1075 314 1324 350 universalis
1341 316 1465 350 esset.
1478 315 1508 350 Α
1522 325 1557 350 m
1570 315 1613 359 pl
1627 315 1634 350 i
1646 324 1667 350 u
1680 326 1698 349 s
1715 315 1922 359 quoslibet

243 379 381 424 plures
410 380 600 416 homines
627 380 746 415 simul
781 382 980 424 acceptos
1017 379 1254 415 universale
1289 379 1367 415 dici
1402 380 1657 419 conveniret,
1686 380 1833 424 quibus
1871 380 1921 414 si-

243 444 392 480 militer
420 445 606 481 definitio
637 445 886 481 universalis
916 447 1132 490 aptaretur
1159 445 1248 480 sive
1278 445 1401 480 etiam
1439 445 1606 489 speciei.
1643 448 1683 480 ut
1718 445 1796 481 iam
1836 447 1922 480 tota

242 510 452 546 hominum
487 511 676 546 collectio
720 512 867 546 multas
904 510 1133 546 includeret
1179 510 1355 554 species.
1421 510 1666 546 Similiter
1694 510 1921 554 quamlibet

241 584 460 620 corporum
499 578 539 611 et
571 576 786 621 spirituum
827 576 1115 612 collectionem
1158 585 1280 611 unam
1323 576 1601 611 universalem
1644 576 1919 612 substantiam

241 641 487 678 diceremus.
518 644 559 677 ut
586 651 676 677 cum
707 644 793 677 tota
821 641 1149 677 substantiarum
1184 641 1374 676 collectio
1410 641 1462 677 sit
1497 651 1619 676 unum
1655 641 1921 686 generalissi-

241 714 362 743 mum.
401 715 482 741 una
518 705 702 750 qualibet
739 705 907 750 dempta
946 705 1184 750 ceterisque
1226 705 1538 741 remanentibus
1582 705 1708 741 multa
1750 705 1785 741 in
1829 706 1920 741 sub-

241 771 404 806 stantiis
421 771 670 807 haberemus
687 771 1017 815 generalissima.
1041 770 1133 806 Sed
1154 771 1199 805 io
1212 772 1375 806 rtasse
1392 771 1588 807 dicetur
1605 771 1714 806 nulla
1730 771 1919 806 collectio

239 845 348 880 quae
376 836 536 872 inclusa
564 837 616 872 sit
644 837 682 872 in
720 836 1051 881 generalissimo.
1086 846 1183 872 esse
1211 836 1582 880 generalissimum.
1635 836 1728 872 Sed
1757 837 1850 872 adh
1867 846 1921 872 uc

240 911 437 947 oppono
460 903 569 947 quod
598 903 632 938 si
661 912 743 938 una
770 904 969 948 separata
997 903 1048 938 de
1071 902 1315 938 substantiis
1336 902 1525 938 collectio
1549 902 1718 938 residua
1753 912 1833 938 non
1870 902 1921 938 sit

239 967 600 1013 generalissimum
649 970 689 1004 et
728 970 866 1004 tamen
915 968 1050 1003 adbuc
1099 967 1351 1004 universalis
1397 968 1633 1003 substantia
1692 970 1919 1013 permanet.

239 1035 403 1078 oportet
431 1042 524 1069 eam
552 1033 736 1078 speciem
765 1042 862 1069 esse
897 1033 1158 1069 substantiae
1194 1035 1235 1068 et
1271 1042 1501 1078 coaequam
1540 1034 1723 1078 speciem
1763 1034 1919 1069 babere

239 1098 314 1134 sub
343 1099 491 1134 eodem
520 1108 688 1144 genere.
741 1098 823 1135 Sed
851 1108 958 1144 quae
982 1100 1121 1143 potest
1142 1098 1180 1134 ei
1202 1107 1299 1134 esse
1322 1098 1527 1143 opposita.
1550 1108 1642 1134 cum
1665 1100 1729 1134 vel
1753 1099 1918 1143 speeies

238 1164 498 1200 substantiae
539 1164 578 1200 in
607 1174 659 1200 ea
691 1174 864 1209 prorsus
902 1165 1167 1200 contineatur
1200 1164 1265 1200 vel
1303 1164 1451 1199 eadem
1488 1174 1580 1200 cum
1619 1174 1669 1200 ea
1708 1164 1920 1200 individua

238 1230 526 1270 communicet.
550 1230 657 1266 sicut
677 1230 831 1266 animal
854 1229 1069 1268 rationale.
1092 1230 1244 1265 animal
1268 1229 1472 1265 mortale?
1509 1229 1743 1275 Amplius.
1788 1230 1920 1265 Omne

237 1295 479 1331 universale
519 1295 698 1340 propriis
736 1295 959 1331 individuis
992 1295 1237 1331 naturaliter
1273 1295 1398 1340 prius.
1451 1294 1649 1331 Collectio
1684 1305 1785 1331 vero
1823 1305 1921 1340 quo-

238 1360 430 1396 rumlibet
479 1361 531 1396 ad
574 1361 738 1406 singula
771 1361 918 1405 quibus
954 1361 1228 1399 constituitur.
1270 1362 1398 1396 totum
1440 1360 1646 1406 integrum
1693 1363 1817 1405 atque
1858 1361 1920 1396 eis

239 1426 483 1462 naturaliter
504 1426 725 1471 posterius.
747 1436 801 1462 ex
827 1426 976 1471 quibus
998 1426 1270 1471 componitur.
1308 1425 1548 1470 Amplius.
1589 1426 1697 1462 Inter
1713 1426 1917 1472 integrum

238 1493 279 1528 et
300 1492 538 1527 universale
565 1491 672 1527 hanc
694 1491 938 1527 Boethius
961 1491 1240 1527 differentiam
1263 1491 1452 1536 assignat
1475 1491 1514 1527 in
1537 1491 1919 1531 Divisionibus1.

183 1564 190 1573 ⁸
239 1557 348 1602 quod
382 1566 480 1602 pars
508 1567 591 1593 non
627 1557 734 1593 idem
769 1559 834 1593 est
861 1557 971 1602 quod
1004 1559 1146 1597 totum,
1183 1557 1347 1602 species
1375 1566 1477 1592 vero
1505 1557 1612 1592 idem
1651 1559 1716 1592 est
1752 1566 1921 1602 semper

239 1623 347 1668 quod
375 1632 520 1669 genus.
573 1622 625 1658 At
653 1632 753 1658 vero
788 1624 876 1658 tota
912 1622 1122 1658 hominum
1157 1622 1347 1658 collectio
1385 1623 1593 1667 quomodo
1632 1632 1729 1658 esse
1770 1622 1919 1667 poterit

239 1688 478 1724 animalium
506 1687 751 1724 multitudo?

382 1753 555 1789 Restat
581 1756 743 1789 autem
772 1763 917 1793 nunc.
946 1756 994 1789 ut
1023 1763 1111 1789 eos
1141 1762 1485 1798 oppugnemus
1513 1753 1593 1798 qui
1622 1753 1822 1799 singula
1850 1753 1919 1788 in-

238 1819 443 1855 dividua
472 1819 516 1854 in
544 1828 601 1854 eo
624 1818 751 1863 quod
779 1818 894 1854 aliis
916 1819 1243 1856 conveniunt.
1273 1818 1566 1854 universale
1589 1819 1850 1863 appellant
1878 1821 1918 1854 et

238 1884 385 1920 eadem
411 1884 462 1920 de
491 1884 674 1929 pluribus
694 1883 928 1929 praedicari
944 1883 1190 1924 concedunt,
1214 1893 1295 1919 non
1319 1885 1361 1919 ut
1382 1884 1500 1928 plura
1528 1884 1812 1920 essentialiter
1834 1884 1915 1919 sint

237 1948 316 1989 illa.
339 1948 413 1984 sed
436 1949 533 1993 quia
553 1949 671 1994 plura
692 1958 783 1984 cum
806 1948 867 1983 eis
890 1948 1156 1984 conveniunt.
1218 1947 1299 1984 Sed
1329 1948 1364 1983 si
1392 1948 1625 1993 praedicari
1654 1948 1704 1984 de
1734 1948 1917 1993 pluribus

236 2013 345 2049 idem
368 2015 430 2049 est
445 2013 555 2058 quod
577 2013 805 2049 convenire
822 2022 912 2048 cum
930 2013 1126 2058 pluribus,
1150 2013 1358 2058 quomodo
1381 2013 1636 2049 individuum
1655 2013 1705 2049 de
1723 2023 1805 2049 uno
1828 2013 1917 2049 solo

236 2079 410 2115 dicimus
430 2079 676 2124 praedicari,
698 2088 789 2115 cum
806 2079 965 2114 scilicet
986 2078 1139 2114 nullum
1157 2079 1210 2114 sit
1231 2079 1340 2124 quod
1357 2088 1449 2114 cum
1471 2088 1553 2115 una
1576 2080 1734 2114 tantum
1756 2088 1801 2114 re
1823 2088 1918 2114 con-

237 2143 406 2181 veniat‘?
447 2144 664 2185 Quomodo
690 2144 815 2180 etiam
835 2153 910 2189 per
932 2144 1180 2189 ‚praedicari
1201 2144 1252 2180 de
1268 2144 1464 2189 pluribus·
1488 2145 1596 2180 inter
1618 2144 1856 2180 universale
1879 2146 1919 2180 et

237 2209 449 2256 singulare
466 2210 703 2246 differentia
718 2210 850 2251 datur,
872 2219 963 2245 cum
981 2210 1130 2246 eodem
1154 2209 1320 2255 penitus
1342 2210 1465 2246 modo
1486 2220 1567 2255 quo
1584 2210 1706 2246 homo
1723 2209 1918 2246 convenit

236 2285 328 2312 cum
357 2275 553 2321 pluribus,
582 2275 808 2312 conveniat
842 2277 882 2312 et
909 2274 1136 2311 Socrates?
1188 2274 1349 2321 Quippe
1378 2276 1512 2315 bomo,
1548 2275 1587 2311 in
1622 2278 1819 2320 quantum
1855 2277 1917 2311 est

236 2341 372 2382 homo,
401 2343 441 2377 et
469 2340 676 2383 Socrates
711 2341 750 2377 in
786 2344 984 2386 quantum
1013 2343 1077 2377 est
1098 2341 1234 2381 homo,
1263 2350 1353 2377 cum
1390 2341 1542 2377 ceteris
1576 2341 1783 2377 convenit.
1836 2340 1917 2376 Sed

238 2415 316 2442 nec
348 2406 484 2446 homo,
518 2406 558 2442 in
596 2409 793 2451 quantum
830 2408 894 2442 est
931 2405 1140 2447 Socrates,
1178 2416 1255 2442 nec
1292 2406 1500 2445 Socrates.
1540 2407 1579 2442 in
1617 2409 1815 2451 quantum
1854 2408 1917 2442 est

237 2470 445 2511 Socrates.
473 2481 565 2508 cum
593 2472 684 2508 aliis
713 2472 920 2508 convenit.
967 2471 1086 2512 Quod
1110 2472 1231 2517 igitur
1258 2472 1384 2508 habet
1406 2472 1539 2511 homo.
1569 2472 1693 2508 habet
1721 2471 1917 2508 Socrates

184 2545 219 2570 85
240 2538 280 2573 et
307 2537 455 2573 eodem
485 2537 619 2573 modo.

379 2602 651 2639 Praeterea
673 2612 764 2638 cum
785 2612 853 2638 res
870 2603 1036 2648 penitus
1054 2603 1201 2638 eadem
1224 2612 1320 2638 esse
1337 2603 1602 2642 concedatur.
1618 2602 1742 2638 homo
1759 2603 1916 2638 seilicet

237 2667 305 2712 qui
334 2668 373 2704 in
396 2667 568 2704 Socrate
597 2671 671 2708 est.
694 2671 735 2704 et
763 2668 853 2713 ipse
876 2667 1084 2708 Socrates.
1114 2669 1225 2705 nulla
1252 2668 1372 2704 huius
1400 2669 1453 2704 ab
1482 2668 1548 2704 illo
1577 2668 1813 2704 differentia
1841 2671 1914 2703 est.

238 2733 355 2769 Nulla
381 2733 491 2769 enim
519 2743 586 2769 res
615 2733 763 2770 eodem
792 2735 980 2779 tempore
1009 2743 1034 2770 a
1054 2744 1099 2770 se
1129 2734 1220 2779 ipsa
1242 2734 1411 2770 diversa
1432 2736 1506 2772 est.
1529 2734 1625 2778 quia
1653 2734 1846 2778 quicquid
1876 2733 1913 2769 in

237 2808 284 2834 se
311 2798 448 2839 habet.
477 2799 603 2835 habet
630 2801 671 2835 et
698 2799 845 2835 eodem
875 2800 998 2835 modo
1031 2800 1208 2844 penitus.
1261 2800 1379 2835 Unde
1416 2802 1456 2835 et
1491 2799 1686 2835 Socrates
1722 2799 1840 2834 albus
1875 2801 1915 2834 et

183 2870 218 2895 ω
239 2863 545 2909 grammaticus.
580 2864 674 2900 licet
701 2864 871 2900 diversa
898 2865 937 2900 in
966 2875 1012 2900 se
1040 2865 1204 2905 habeat,
1233 2875 1257 2900 a
1291 2875 1337 2900 se
1366 2867 1504 2900 tamen
1541 2874 1615 2909 per
1651 2874 1701 2900 ea
1731 2874 1811 2900 non
1850 2867 1913 2900 est

238 2929 441 2969 diversus,
470 2938 561 2964 cum
596 2931 770 2974 utraque
808 2930 954 2966 eadem
995 2931 1084 2975 ipse
1121 2930 1274 2966 habeat
1314 2932 1353 2965 et
1391 2930 1539 2965 eodem
1578 2929 1699 2965 modo
1738 2929 1914 2974 penitus.

383 3051 421 3082 ¹4
451 3050 580 3082 eodem
602 3051 629 3082 Λ
731 3051 838 3083 31-32
867 3053 924 3083 est
950 3051 1058 3083 homo
1087 3053 1143 3083 est
1170 3051 1195 3083 A

379 3119 390 3142 ¹
419 3121 580 3159 Boetli.‚
609 3120 683 3153 Lib.
713 3120 756 3152 dt’
782 3121 867 3158 div..
897 3120 951 3153 PL
978 3122 1032 3159 64,
1062 3130 1094 3162 p¹
1125 3121 1247 3153 8791).
