2200 3387
291 222 332 255 22
692 224 795 256 Peter
823 224 1024 256 Abaelards
1053 224 1186 265 Logicu
1214 225 1538 265 ,lng1·edlentibus‘.

291 320 456 364 ligentia
484 320 520 354 in
543 320 747 355 communi
769 320 901 355 forma
925 320 1105 355 omnium
1132 320 1279 357 nititur.
1309 321 1398 365 ipsa
1419 321 1692 357 communitas
1720 321 1950 358 confusioni

293 385 365 417 ost.
395 392 444 417 nc
474 392 593 426 quam
623 392 674 418 ex
704 382 893 418 omnibus
921 383 1207 427 intelligamus.
1260 383 1376 419 [finde
1405 393 1539 429 neque
1572 384 1785 420 Socratem
1815 393 1949 429 neque

291 447 412 482 alium
460 449 570 482 recte
617 447 855 492 significare
897 448 1039 483 homo*
1081 448 1236 485 dicitur.
1287 458 1377 484 cum
1418 449 1550 484 nullus
1590 459 1643 484 ex
1689 449 1728 484 vi
1773 449 1950 485 nominis

292 511 552 547 certificetur.
581 521 670 547 cum
700 514 836 547 tamen
865 512 1050 558 singulos
1074 512 1265 548 nominet.
1318 512 1512 549 Socrates
1533 522 1632 549 vero
1653 514 1718 549 vel
1741 513 1952 558 quodlibet

292 575 501 621 singulare
545 586 625 611 non
663 577 794 612 solum
831 577 955 613 habet
991 577 1217 614 nominare.
1258 587 1399 613 verum
1437 578 1561 614 etiam
1600 587 1687 614 rem
1723 577 1988 614 subiectam5

292 640 579 676 determinare.

435 705 515 741 Sed
543 706 822 750 quaeritur.
851 707 947 751 quia
974 707 1201 742 secundum
1230 707 1508 743 Boethium
1531 707 1746 752 superius¹
1775 707 1952 743 diximus

293 778 456 804 omnem
495 769 743 805 intellectum
792 779 877 805 rem
930 770 1159 806 subiectam
1206 771 1372 808 habere.
1426 771 1632 816 quomodo
1678 770 1953 807 intellectibus

293 833 586 869 universalium
624 835 856 870 conveniat.
908 835 959 870 At
996 836 1108 871 certe
1150 836 1385 875 notandum,
1424 836 1533 880 quod
1560 835 1668 871 istud
1695 835 1953 871 Boethius

294 897 332 932 in
360 906 410 932 ea
438 898 796 941 argumentatione
825 897 1052 942 sophistica
1079 898 1243 936 inducit,
1272 908 1353 944 qua
1380 898 1631 935 intellectum
1658 898 1953 934 universalium
1977 909 2008 934 10

294 971 444 997 vanum
486 971 581 997 esse
622 961 813 997 ostendit.
866 962 983 998 Unde
1020 962 1116 998 nihil
1155 963 1284 1000 obest.
1324 963 1357 998 si
1397 964 1436 999 et
1474 963 1552 999 hoc
1585 963 1625 998 in
1659 963 1835 998 veritate
1872 972 1953 998 non

294 1028 474 1065 astruat:
516 1026 623 1061 unde
657 1026 877 1062 falsitatem
918 1027 1054 1062 vitans
1094 1027 1266 1063 aliorum
1313 1027 1497 1063 rationes
1538 1027 1791 1072 comprobat.
1854 1027 1953 1063 Rem

295 1091 417 1126 etiam
458 1090 684 1126 subiectam
725 1091 949 1127 intellectui
988 1101 1211 1136 possumus
1251 1101 1403 1128 vocare
1439 1092 1527 1127 sive
1573 1101 1714 1128 veram
1760 1092 1820 1128 rei
1864 1092 1955 1128 sub-

295 1154 499 1190 stantiam.
540 1154 665 1190 veluti
702 1154 866 1199 quando
904 1154 1022 1190 simul
1061 1157 1123 1191 est
1149 1164 1239 1191 cum
1269 1164 1404 1193 sensu,
1443 1155 1531 1191 sive
1565 1155 1624 1191 rei
1661 1155 1955 1199 cuiuscumque

293 1220 467 1254 formam
495 1221 751 1263 conceptam.
786 1228 830 1254 re
865 1219 1023 1255 scilicet
1049 1220 1236 1257 absente.
1272 1220 1360 1256 sive
1388 1229 1439 1256 ea
1465 1220 1598 1256 forma
1624 1219 1852 1255 communis
1892 1219 1954 1260 sit,
1980 1230 2010 1256 15

294 1284 383 1324 eut>
418 1282 607 1320 diximus,
648 1282 737 1318 sive
776 1282 964 1327 propria;
1005 1283 1244 1320 communis.
1284 1283 1462 1328 inquam,
1499 1284 1696 1327 quantum
1732 1283 1784 1318 ad
1821 1282 1956 1319 simili-

295 1347 476 1383 tudinem
493 1347 709 1382 multorum
724 1357 847 1392 quam
863 1347 1022 1386 retinet.
1038 1348 1134 1384 licet
1148 1350 1286 1384 tamen
1303 1347 1343 1383 in
1359 1357 1404 1383 se
1421 1349 1463 1384 ut
1478 1357 1545 1384 res
1561 1357 1643 1383 una
1658 1347 1955 1383 consideretur.

297 1412 361 1447 Sic
402 1411 510 1446 enim
550 1411 602 1447 ad
639 1411 818 1447 omnium
859 1411 1024 1447 leonum
1065 1413 1254 1448 naturam
1295 1411 1659 1448 demonstrandam
1699 1421 1782 1447 una
1820 1412 1958 1456 potest

297 1476 455 1520 pictura
481 1475 570 1512 fieri
600 1475 747 1511 nullius
775 1485 917 1511 eorum
945 1476 1053 1520 quod
1082 1476 1289 1521 proprium
1312 1478 1383 1515 est,
1412 1477 1735 1521 repraesentans
1757 1477 1797 1511 et
1814 1485 1956 1512 rursus

296 1542 346 1577 ad
376 1541 599 1585 quemlibet
626 1550 767 1577 eorum
797 1540 1128 1586 distinguendum
1158 1539 1238 1577 alia
1265 1541 1529 1582 commodari,
1558 1550 1664 1585 quae
1692 1540 1845 1585 aliquid
1866 1540 1955 1577 eius
1976 1554 2011 1579 20

297 1606 504 1651 proprium
552 1606 730 1644 denotet,
777 1607 819 1641 ut
863 1605 897 1640 si
930 1605 1121 1651 pingatur
1166 1606 1404 1642 claudicans
1450 1606 1515 1642 vel
1555 1606 1716 1641 curtata
1761 1605 1826 1642 vel
1872 1605 1955 1641 telo

297 1671 480 1707 Herculis
497 1670 693 1706 sauciata.
723 1670 834 1706 Sicut
849 1680 948 1715 ergo
965 1670 1169 1715 quaedam
1183 1680 1319 1707 rerum
1338 1670 1567 1706 communis
1588 1670 1733 1716 figura.
1749 1670 1954 1714 quaedam

297 1736 517 1781 singularis
552 1735 739 1781 pingitur,
777 1735 832 1771 ita
866 1735 990 1771 etiam
1018 1735 1255 1780 concipitur,
1293 1735 1451 1771 scilicet
1478 1736 1681 1780 quaedam
1717 1735 1955 1775 communis,

299 1801 501 1845 quaedam
530 1800 706 1845 propria.

438 1865 497 1901 De
536 1865 697 1901 forma
735 1866 872 1901 autem
913 1865 1003 1906 ista,
1049 1865 1089 1900 in
1125 1875 1247 1910 quam
1297 1865 1453 1901 scilicet
1491 1865 1723 1901 intellectus
1761 1863 1955 1910 dirigitur,
1976 1876 2010 1901 25

297 1941 379 1967 non
407 1930 586 1967 absurde
615 1930 832 1968 dubitatur,
862 1932 995 1965 utrum
1023 1940 1115 1966 eam
1143 1940 1308 1975 quoque
1331 1939 1481 1966 nomen
1504 1929 1720 1975 significet,
1749 1929 1857 1974 quod
1873 1930 1955 1965 tam

298 1995 544 2032 auctoritate
573 2004 694 2039 quam
722 1995 882 2030 ratione
911 1994 1147 2030 confirmari
1174 1994 1345 2031 videtur.

439 2060 482 2095 In
511 2059 666 2105 primo
693 2069 870 2104 namque
893 2058 1335 2095 Constructionum
1357 2059 1705 2099 Priscianus‘2,
1731 2068 1823 2094 cum
1851 2067 1957 2094 com-

298 2135 462 2162 munem
485 2124 787 2170 impositionem
804 2124 1097 2160 universalium
1115 2124 1167 2160 ad
1188 2124 1400 2160 individua
1422 2124 1810 2169 praemonstrasset,
1833 2132 1958 2168 quan-

299 2190 391 2225 dam
423 2188 544 2224 aliam
572 2188 754 2233 ipsorum
787 2187 1143 2233 significationem,
1176 2188 1227 2223 de
1251 2187 1384 2223 forma
1411 2187 1569 2223 scilicet
1595 2186 1812 2227 communi,
1842 2185 1957 2222 visus
1978 2198 2012 2223 30

299 2256 363 2290 est
384 2253 650 2289 subiunxisse
667 2252 826 2288 dicens:
849 2252 913 2293 ‚ad
935 2252 1155 2297 generales
1178 2254 1218 2288 et
1238 2251 1443 2297 speciales
1459 2261 1597 2288 rerum
1611 2252 1779 2292 formas,
1795 2260 1902 2296 quae
1918 2250 1958 2287 in

300 2320 435 2354 mente
470 2318 609 2354 divina
635 2316 943 2363 intelligibiliter
978 2317 1293 2358 constituuntur,
1330 2318 1553 2361 antequam
1585 2316 1626 2352 in
1660 2325 1837 2361 corpora
1868 2325 1959 2361 pro—

300 2383 443 2420 dirent,
471 2383 575 2418 haec
604 2391 767 2426 quoque
795 2382 963 2426 propria
989 2383 1161 2426 possunt
1188 2390 1293 2422 esse,
1322 2381 1467 2426 quibus
1494 2390 1651 2426 genera
1689 2381 1754 2416 vel
1794 2379 1958 2425 species

299 2450 473 2484 naturae
501 2457 636 2483 rerum
665 2447 1023 2483 demonstrantur‘.
1074 2446 1161 2482 Hoc
1183 2446 1292 2482 enim
1313 2446 1403 2482 loco
1426 2446 1476 2482 de
1497 2445 1585 2482 Deo
1608 2445 1667 2481 sic
1686 2445 1819 2491 agitur
1840 2444 1961 2490 quasi

300 2512 349 2548 de
391 2511 550 2547 artifice
589 2510 741 2555 aliquid
777 2510 1070 2555 compositum,
1117 2510 1185 2555 qui
1216 2509 1278 2546 rei
1317 2509 1631 2554 componendae
1675 2508 1955 2553 exemplarem
1978 2520 2012 2545 35

299 2578 484 2612 formam.
522 2575 572 2611 ad
613 2575 917 2611 similitudinem
958 2575 1073 2611 cuius
1110 2576 1315 2619 operetur,
1355 2574 1494 2610 anima
1532 2573 1824 2619 praeconcipit,
1853 2581 1959 2618 quae

301 2643 397 2677 tunc
430 2641 470 2677 in
498 2650 648 2685 corpus
676 2640 905 2685 procedere
933 2639 1090 2680 dicitur,
1119 2649 1210 2676 cum
1238 2639 1289 2676 ad
1318 2638 1624 2675 similitudinem
1653 2638 1742 2675 eius
1769 2647 1837 2675 res
1858 2647 1960 2674 vera

442 2788 460 2818 3
484 2785 657 2818 nulliusA
732 2786 771 2816 10
793 2785 1027 2825 sophisticam
1043 2784 1070 2816 A
1145 2785 1182 2815 11
1207 2782 1252 2822 sil
1273 2783 1367 2815 sciA
1441 2783 1481 2815 12
1504 2783 1620 2815 vitali
1691 2782 1734 2814 20
1755 2781 1958 2823 aliquamA

302 2846 344 2877 26
373 2854 416 2878 ea
443 2846 469 2877 A

443 2915 453 2937 ¹
484 2916 532 2948 Cf.
562 2924 693 2956 supra,
723 2925 755 2955 p.
786 2915 859 2946 19³.

443 2974 457 2996 ‘2
484 2975 631 3011 Prisc„
654 2975 742 3006 [nst.
758 2982 932 3013 aratum„
955 2974 989 3006 L.
1006 2973 1108 3011 XVII,
1134 2983 1163 3005 c.
1180 2973 1221 3004 44
1244 2971 1298 3005 cd.
1320 2972 1428 3005 Hertz
1448 2973 1485 3011 11,
1508 2982 1541 3013 p.
1566 2970 1664 3004 135⁷.
1717 2972 1767 3005 Cr.
1795 2971 1958 3009 Abael.‚

307 3034 427 3066 Theoi.
457 3034 582 3066 christ.
611 3033 645 3065 L.
674 3033 730 3071 IV,
758 3032 813 3065 PL
842 3034 917 3070 178,
946 3042 979 3073 p.
1010 3033 1097 3064 1307
1114 3033 1151 3071 B,
1182 3032 1301 3064 Theol.
1331 3041 1364 3072 p.
1392 3032 1456 3063 991
1486 3031 1514 3063 Α
1543 3033 1575 3064 ct
1602 3031 1704 3063 alibi.
