2200 3387
460 229 490 260 2.
520 228 585 261 Die
612 229 767 261 Glossen
796 239 838 262 zu
867 230 935 262 den
967 230 1199 270 Rau-gorion.
1230 250 1268 254 -—-
1301 233 1352 264 De
1379 234 1670 267 denominativis.
1839 234 1902 267 137

226 332 318 359 cum
347 324 403 360 ait
422 328 448 360 ¹:
477 325 580 363 ‚sine
608 326 900 371 complexione
929 327 1119 363 dicuntur
1146 338 1434 374 quaecumque
1464 330 1661 374 singulari
1690 332 1898 368 intellectu

226 390 267 424 et
294 398 398 425 voce
435 390 721 435 proferuntur.
759 391 810 427 ad
848 391 1084 436 opinionem
1124 394 1420 430 removendam
1460 395 1711 432 intellectum
1753 398 1900 442 posuit.

370 454 437 490 Est
465 457 607 491 autem
636 456 888 492 substantia.
942 456 1028 492 Hoc
1049 458 1178 493 verbo
1207 458 1456 503 figuraliter·
1486 470 1566 505 quo
1590 461 1900 499 Aristoteles

223 519 357 557 utitur.
385 520 481 565 quid
511 520 619 559 velit.
647 520 862 557 definitum
889 521 991 557 satis
1027 531 1107 558 non
1137 525 1210 560 est.
1247 524 1322 559 sed
1360 534 1451 560 cum
1489 526 1684 570 exempla
1717 527 1768 562 de
1807 528 1900 562 sub-

183 592 199 617 5
222 584 387 620 stantiis
415 587 456 621 et
483 585 633 621 ceteris
660 586 785 621 rebus
813 586 1057 631 significatis
1086 590 1261 632 poneret
1289 590 1413 634 atque
1443 589 1650 626 hominem
1680 594 1721 627 et
1748 602 1896 637 equum

222 650 379 685 tantum
407 650 459 686 ad
488 651 723 696 exemplum
751 652 1010 688 substantiae
1038 653 1276 691 adduceret.
1313 663 1364 690 ne
1393 654 1487 690 ideo
1517 657 1672 691 tantum
1704 657 1778 701 ipsi
1808 658 1899 693 sub-

221 714 401 751 stantiae
431 715 682 754 viderentur.
712 716 880 753 adiecit:
911 719 965 755 ,ut
991 717 1222 763 figuraliter
1249 719 1432 757 dicatur:
1462 720 1539 756 hoc
1568 723 1650 757 est:
1679 723 1721 757 ut
1750 721 1788 757 in
1812 722 1899 758 istis

221 780 424 825 exemplis
451 780 608 827 figures
636 781 707 817 tibi
736 783 777 818 et
810 782 1099 829 subintelligas
1134 784 1239 820 alias
1268 794 1434 830 quoque
1472 795 1540 821 res
1568 796 1676 831 quae
1713 787 1901 823 similiter

219 845 479 882 substantiae
507 849 612 882 sunt.
666 846 739 882 Vel
767 847 801 882 si
830 849 894 883 est
928 849 1165 893 exemplum
1206 859 1289 885 non
1317 850 1368 886 de
1394 851 1625 887 substantia
1652 852 1899 898 significata.

170 918 200 943 10
221 909 296 944 sed
323 910 374 945 de
402 919 506 946 voce
533 910 795 956 significante
830 913 1116 951 substantiam.
1151 913 1210 949 sic
1237 913 1441 950 dicemus:
1479 917 1544 951 est
1580 916 1826 955 substantia.
1861 917 1898 952 id

220 973 285 1009 est
311 982 395 1009 vox
423 974 666 1019 significans
695 975 981 1016 substantiam.
1010 978 1053 1012 ut
1079 977 1216 1018 homo,
1245 987 1388 1024 equus,
1417 979 1521 1016 istae
1550 990 1689 1021 voces,
1727 983 1767 1017 et
1804 983 1900 1017 tunc

219 1038 342 1074 homo
371 1041 412 1075 et
438 1048 571 1085 equus
599 1041 800 1077 translata
827 1043 923 1077 sunt
950 1043 1002 1078 ad
1031 1042 1351 1088 significandum
1383 1045 1552 1081 nomina
1580 1055 1729 1083 rerum,
1767 1048 1808 1083 et
1835 1048 1900 1083 est

219 1104 423 1149 quaedam
445 1105 579 1151 figura
600 1105 709 1142 facta
736 1106 776 1142 in
805 1107 1075 1143 translatione
1104 1109 1219 1144 vocis
1248 1109 1299 1145 de
1327 1119 1383 1148 re,
1412 1110 1528 1146 cuius
1558 1111 1723 1156 proprie
1747 1121 1897 1148 nomen

219 1170 294 1207 est.
321 1169 375 1205 ad
402 1179 449 1206 se
477 1170 607 1215 ipsam
636 1171 967 1217 significandam.
1021 1172 1217 1216 Quando,
1247 1177 1289 1210 ut
1318 1175 1421 1217 heri,
1456 1176 1753 1221 proprietatem
1782 1187 1899 1222 prae-

167 1243 198 1268 15
219 1235 380 1269 sentem
409 1234 627 1280 significat,
656 1245 763 1281 quae
794 1236 937 1273 innata
963 1239 1026 1273 est
1058 1238 1118 1273 rei
1153 1247 1205 1273 ex
1241 1248 1291 1274 eo
1320 1240 1429 1284 quod
1463 1240 1538 1276 fuit
1564 1241 1664 1276 heri.
1715 1241 1896 1285 Sinynla

218 1298 363 1342 iyitnr.
416 1298 762 1345 Quandoquidem
786 1302 949 1347 singula
970 1312 1077 1347 quae
1100 1303 1209 1339 dicta
1230 1306 1334 1342 sunt.
1364 1305 1591 1341 secundum
1616 1306 1767 1342 nullam
1790 1316 1899 1342 com-

219 1363 455 1408 plexionem
485 1365 686 1407 dicuntur,
715 1367 753 1403 id
783 1370 847 1404 est
875 1377 957 1404 non
986 1371 1082 1404 sunt
1110 1370 1358 1414 complexae
1387 1380 1528 1411 voces.
1564 1380 1664 1416 ergo
1694 1381 1775 1407 non
1804 1374 1900 1408 sunt

218 1428 451 1466 affirmatio.
509 1431 543 1467 A
582 1433 680 1468 toto.
739 1433 814 1468 Per
849 1443 902 1474 se,
942 1434 1102 1470 scilicet
1142 1434 1262 1475 dicta,
1303 1435 1400 1480 quia
1440 1436 1634 1472 videlicet
1673 1446 1764 1473 cum
1806 1437 1897 1473 aliis

218 1494 439 1532 coniuncta
465 1497 674 1542 complent
700 1498 1032 1535 affirmationem.
1086 1499 1204 1540 Quod
1232 1500 1370 1536 statim
1397 1502 1593 1546 supponit
1621 1502 1782 1538 dicens:
1812 1502 1894 1538 Sed

163 1574 197 1599 20
217 1561 522 1606 completione,
555 1562 595 1598 id
629 1564 693 1598 est
726 1563 1029 1603 coniunctione.
1058 1566 1215 1601 horum
1243 1565 1599 1611 incomplexorum
1627 1567 1686 1603 acl
1715 1567 1891 1603 ἱηυίσιίη

217 1627 262 1663 rit
288 1627 537 1663 affirmatio.
600 1628 769 1664 Videtur
794 1631 950 1665 autem.
1002 1630 1153 1666 Probat
1180 1631 1359 1676 quodam
1389 1632 1646 1677 syllogismo,
1669 1633 1767 1678 quia
1787 1634 1899 1670 nulla

218 1689 485 1736 incomplexa
511 1693 606 1728 sunt
631 1692 853 1729 affirmatio
881 1693 1042 1729 dicens:
1074 1694 1218 1730 Omnis
1240 1695 1463 1731 affirmatio
1484 1698 1548 1732 est
1570 1706 1671 1732 vera
1694 1697 1760 1732 vel
1781 1697 1898 1737 falsa.

218 1756 294 1792 sed
320 1756 587 1800 incomplexa
614 1765 750 1801 neque
790 1758 886 1793 sunt
922 1767 1025 1793 vera
1062 1768 1198 1803 neque
1235 1758 1352 1797 falsa.
1390 1769 1520 1803 quare
1557 1760 1778 1796 affirmatio
1815 1770 1897 1797 non

217 1822 324 1858 sunt.
364 1819 695 1865 Propositionem
711 1821 1144 1866 <et>assumptionem
1167 1822 1377 1863 habemus,
1394 1823 1749 1860 continuationem
1766 1827 1897 1861 extra.

163 1898 197 1925 ‘25
218 1886 300 1924 Sed
327 1885 492 1922 videtur
517 1886 747 1931 assumptio
775 1886 892 1925 falsa.
915 1887 1067 1932 quippe
1090 1887 1205 1933 ‚lego
1230 1889 1270 1923 et
1292 1888 1418 1934 ‚legis
1443 1890 1484 1924 et
1507 1889 1677 1933 iegitur*
1700 1889 1898 1935 imperso-

217 1950 311 1987 nale
349 1959 451 1986 vera
476 1950 543 1985 vel
570 1949 678 1986 falsa
704 1950 896 1986 videntur
923 1951 963 1986 in
997 1959 1137 1990 sensu.
1173 1961 1266 1987 cum
1294 1953 1434 1988 tamen
1470 1952 1659 1998 singulae
1699 1963 1780 1989 non
1818 1954 1898 1990 sint

217 2025 344 2052 voces
371 2015 629 2060 complexae.
681 2015 801 2051 Unde
828 2016 1009 2052 fortasse
1037 2017 1234 2062 quidam
1263 2017 1401 2053 dicent
1429 2018 1718 2054 affirmationis
1745 2029 1895 2056 nomen

217 2082 257 2118 in
273 2081 514 2126 praedicato
532 2090 698 2126 quoque
715 2090 813 2117 esse
829 2081 1219 2127 subintelligendum
1238 2083 1317 2118 hoc
1333 2083 1474 2119 modo:
1510 2083 1652 2120 Omnis
1675 2084 1897 2121 affirmatio

217 2147 281 2182 est
307 2145 374 2181 vel
401 2145 624 2181 affirmatio
652 2154 755 2181 vera
782 2145 847 2181 vel
874 2145 1097 2182 affirmatio
1117 2146 1235 2185 falsa,
1263 2147 1336 2183 sed
1359 2147 1625 2193 incomplexa
1645 2158 1783 2193 neque
1804 2151 1899 2185 sunt

162 2219 196 2244 30
217 2209 439 2246 affirmatio
466 2219 569 2245 vera
596 2219 733 2254 neque
760 2209 878 2251 falsa,
907 2211 948 2246 et
976 2211 1073 2246 tunc
1108 2210 1186 2246 erit
1220 2220 1322 2247 vera
1355 2212 1595 2257 assumptio.
1648 2212 1760 2248 Licet
1789 2213 1895 2249 enim

216 2274 422 2320 quaedam
451 2273 716 2319 incomplexa
742 2283 912 2310 sensum
941 2275 1178 2320 compleant
1196 2275 1498 2316 affirmationis,
1527 2278 1666 2313 tamen
1690 2287 1768 2313 nec
1789 2277 1898 2313 affir-

216 2338 438 2374 mationem
474 2347 553 2374 nec
586 2337 918 2383 propositionem
954 2338 1140 2378 dicimus.
1178 2339 1259 2375 nisi
1297 2339 1350 2375 sit
1386 2340 1532 2380 oratio.
1574 2350 1696 2385 quam
1732 2341 1895 2386 quidem

216 2413 394 2440 necesse
428 2405 491 2439 est
523 2403 676 2448 aliquid
714 2403 1036 2448 significativum
1071 2406 1194 2440 extra
1229 2405 1398 2441 habere.
1460 2405 1556 2441 Sed
1597 2408 1897 2451 opponetur.

216 2469 445 2514 quod-cum
474 2478 567 2509 ‚non
596 2469 701 2514 lego‘
739 2469 805 2505 vel
845 2478 939 2507 ‚non
978 2469 1136 2515 legitur·
1175 2470 1227 2506 sit
1263 2470 1396 2506 orat10
1433 2479 1511 2507 nec
1547 2481 1628 2507 non
1670 2471 1896 2517 propositio

161 2545 196 2570 35
217 2535 341 2579 atque
369 2534 494 2570 etiam
522 2533 701 2580 negatio,
730 2534 863 2569 omnis
889 2536 1030 2570 autem
1058 2535 1226 2580 negatio
1255 2536 1363 2571 teste
1380 2535 1690 2572 Aristote1e2
1717 2536 1897 2572 affirma-

215 2599 371 2635 tionem
399 2599 534 2637 habet.
563 2609 686 2644 quam
727 2599 851 2635 etiam
880 2602 922 2635 ut
959 2601 1119 2645 partem
1147 2601 1357 2645 quandam
1385 2601 1424 2636 in
1454 2610 1500 2637 se
1522 2601 1702 2638 includit.
1731 2603 1895 2646 oportet

216 2663 376 2708 aliquas
415 2663 720 2699 affirmationes
761 2672 857 2699 esse
901 2663 1074 2700 istarum
1111 2664 1379 2709 negationum
1424 2666 1465 2700 et
1504 2664 1693 2701 dicentur
1730 2665 1893 2709 quidem

217 2727 520 2764 affirmationes
548 2728 704 2764 habere
727 2730 924 2773 quantum
953 2729 1005 2765 ad
1033 2737 1214 2765 sensum.
1265 2729 1365 2765 Nam
1396 2729 1512 2774 ,lego‘
1542 2731 1606 2765 est
1634 2739 1760 2765 sensu
1789 2729 1896 2765 affir-

218 2792 355 2832 matio,
384 2792 463 2828 etsi
490 2802 573 2828 non
602 2792 642 2828 in
671 2802 788 2833 voce,
816 2794 925 2838 quod
954 2794 1196 2830 tantundem
1227 2794 1339 2830 valet
1367 2796 1565 2838 quantum
1595 2804 1685 2839 ‚ego
1714 2795 1817 2839 lego·
1856 2797 1896 2830 et

166 2867 200 2891 40
222 2856 418 2896 ,curritur‘
441 2856 550 2901 quod
574 2866 731 2895 ,cursus
752 2857 821 2895 fit:
843 2859 949 2893 teste
970 2857 1268 2893 prisciano&
1298 2858 1348 2894 At
1369 2867 1470 2894 vero
1499 2858 1606 2893 istud
1628 2858 1772 2894 nobis
1801 2868 1894 2894 non

363 2967 382 2998 9
410 2966 659 3007 significativa
686 2966 714 2998 A
835 2968 876 2998 15
904 2976 942 2999 re
971 2968 997 2999 A
1121 2968 1162 2999 18
1192 2968 1253 3007 qui
1280 2968 1307 3000 Α
1429 2969 1470 3000 24
1500 2967 1806 3008 assumptionem]
1835 2969 1895 3001 ad-

221 3015 442 3057 iunctionem
473 3025 500 3055 A
603 3025 644 3056 34
674 3023 785 3065 non¹]
813 3034 907 3057 nunc
934 3026 962 3057 A
1063 3027 1106 3058 :38
1135 3024 1206 3065 est]
1234 3028 1269 3058 et
1299 3027 1324 3057 ,i
1427 3028 1470 3058 39
1499 3025 1583 3066 etsi]
1610 3027 1640 3059 si
1671 3027 1710 3058 Α.

363 3094 371 3116 ¹
403 3095 550 3127 Boeth.
580 3095 602 3127 I.
625 3104 663 3130 (·.,
694 3104 726 3135 p.
752 3096 817 3127 180
833 3095 902 3128 CD.
1019 3095 1034 3117 2
1055 3097 1216 3133 Boeth„
1242 3097 1283 3128 In
1306 3097 1388 3128 libr.
1411 3093 1527 3129 Arist.
1554 3094 1647 3139 Περὶ
1668 3097 1749 3140 ἑρμ.
1778 3098 1799 3129 I.
1822 3107 1850 3130 c.
1872 3098 1895 3135 1,

220 3163 253 3194 p.
284 3150 434 3186 619-20.
575 3154 590 3174 ²⁵
618 3154 764 3192 Prisc„
794 3154 882 3187 lust.
909 3164 1070 3195 yramm.
1099 3156 1154 3187 ed.
1182 3155 1316 3188 Hertz
1345 3156 1381 3192 11,
1411 3165 1443 3197 p.
1474 3157 1539 3188 232
1557 3155 1579 3188 ¹.
