2200 3387
549 226 579 260 2.
609 226 674 260 Die
702 226 858 260 Glossen
886 235 929 259 zu
958 226 1027 259 den
1056 226 1288 268 Katcgorien.
1319 243 1360 246 —
1391 226 1442 260 De
1471 223 1596 260 Priori.
1863 223 1931 260 287

258 324 434 366 Quando
462 334 536 370 pro
564 334 645 370 qua
673 324 838 370 ponitur
865 323 1057 369 ,pridem·,
1085 324 1340 363 adverbium.
1369 325 1486 360 cuius
1514 324 1841 370 comparativum
1870 328 1932 361 est

257 390 383 429 Prius.
412 392 452 426 et
479 390 707 427 secundum
736 389 816 425 vim
845 389 1168 434 comparationis
1195 389 1411 426 relativum
1445 390 1550 426 sicut
1577 393 1719 426 cetera
1746 390 1931 426 relativa.

258 455 299 491 In
328 455 618 500 designatione
641 464 741 491 vero
769 454 941 490 aliorum
963 454 1177 490 modorum
1201 454 1305 490 alias
1328 455 1452 490 habet
1473 455 1813 499 significationes.
1841 456 1931 491 sive

256 522 462 566 sumptum
486 520 537 556 sit
559 530 583 556 a
604 520 875 556 relationibus
891 520 956 555 vel
972 519 1064 554 aliis
1081 519 1416 564 proprietatibus,
1438 520 1528 555 sive
1545 529 1626 555 non
1644 520 1697 556 sit
1712 523 1930 565 sumptum.

220 586 329 621 ssed
358 595 410 621 ex
439 594 698 630 quacumque
733 593 861 620 causa
898 578 1146 629 impositum,
1184 584 1289 619 sicut
1316 584 1490 623 videtur.
1528 584 1595 619 ubi
1636 587 1830 620 eventum
1873 585 1932 620 rei

257 651 436 696 priorem
459 652 582 686 vocat
603 650 779 686 veritate
802 649 1099 694 propositionis
1128 650 1169 685 et
1191 658 1361 684 causam
1384 648 1526 694 ipsius,
1554 658 1644 685 cum
1674 659 1763 685 nos
1792 651 1931 685 tamen

256 716 295 752 id
323 715 432 761 quod
448 715 678 761 propositio
701 715 808 753 dicit,
833 714 984 750 nullam
1007 714 1182 750 velimus
1205 714 1429 750 essentiam
1453 723 1561 753 esse.
1590 714 1641 750 de
1663 724 1744 758 quo
1767 715 1931 759 quidem

257 781 493 827 diligentius
528 791 615 816 suo
644 781 777 816 loco¹
816 779 1092 815 distinximus.
1145 779 1342 815 Fortasse
1379 781 1517 815 autem
1555 779 1670 815 vocis
1708 779 1747 815 in
1785 780 1931 816 modos

256 846 406 882 divisio
434 846 587 892 poterit
614 846 692 882 dici
725 845 806 881 ista
842 844 974 890 magis
1008 844 1176 890 proprie
1204 854 1327 889 quam
1361 844 1622 889 aequivocae
1651 845 1780 881 vocis.
1831 845 1931 881 Nam

204 922 237 947 10
257 912 336 948 etsi
359 911 473 948 Prius
502 912 553 947 de
582 911 645 947 his
667 910 849 956 quinque
872 910 1004 946 modis
1026 909 1288 954 aequivocae
1312 909 1426 946 vocis
1455 909 1626 951 meatur,
1654 910 1733 946 hoc
1754 912 1819 947 est
1841 920 1932 946 cum

255 977 434 1014 diversis
463 976 786 1015 definitionibus,
814 985 896 1011 non
925 977 1064 1011 tamen
1087 975 1139 1011 ad
1167 983 1241 1010 eos
1271 975 1378 1011 bene
1400 975 1632 1021 aequivoce
1655 975 1812 1015 dicitur,
1841 985 1932 1012 cum

255 1050 339 1077 non
367 1041 449 1076 sint
477 1039 696 1086 oppositae
724 1039 1067 1085 significationes.
1121 1039 1234 1075 Sicut
1261 1041 1302 1076 et
1336 1039 1371 1075 si
1405 1039 1496 1084 quis
1534 1039 1786 1081 ,subiectum‘
1825 1040 1932 1077 hanc

254 1115 402 1142 vocem
431 1105 588 1142 dividat
615 1107 657 1142 et
684 1105 874 1141 diversas
913 1105 1002 1141 eius
1037 1105 1308 1150 acceptiones
1345 1105 1541 1141 ostendat
1577 1105 1666 1141 sive
1704 1105 1744 1141 in
1784 1105 1931 1142 eadem

254 1181 299 1209 re
328 1171 417 1207 sive
444 1171 485 1207 in
513 1170 691 1207 diversis
717 1170 790 1206 ita:
819 1170 1051 1207 subiectum
1073 1171 1139 1206 vel
1161 1170 1218 1206 ita
1239 1170 1387 1206 dicitur
1408 1170 1518 1216 quod
1534 1172 1598 1207 est
1617 1170 1931 1207 fundamentum

202 1241 233 1266 ¹⁵
255 1236 322 1272 vel
349 1236 459 1281 quod
488 1238 552 1273 est
585 1236 862 1281 significatum
891 1237 956 1272 vel
995 1238 1058 1272 est
1094 1235 1406 1282 praedicatione
1441 1236 1711 1282 suppositum,
1739 1237 1855 1273 vocis
1891 1236 1931 1273 in

255 1301 402 1338 modos
431 1301 680 1338 divisionem
708 1300 816 1342 fecit,
845 1311 936 1337 cum
965 1301 1157 1337 diversos
1185 1302 1442 1346 acceptionis
1470 1301 1616 1338 modos
1643 1301 1685 1338 in
1720 1302 1798 1338 hac
1826 1311 1932 1339 voce

0 1401 3 1419 ι
256 1367 511 1407 ,subiectum‘
546 1367 738 1408 ostendit,
776 1366 1136 1412 aequivocationis
1165 1376 1266 1403 vero
1304 1367 1453 1403 divisio
1490 1369 1604 1403 recte
1641 1377 1724 1404 non
1759 1367 1816 1408 fit,
1853 1368 1932 1404 nisi

0 1437 5 1499 j
255 1432 323 1469 ubi
351 1432 566 1469 subiectae
592 1442 660 1469 res
688 1432 884 1469 diversae
912 1434 1089 1478 possunt
1115 1432 1333 1478 assignari,
1361 1433 1522 1469 scilicet
1549 1433 1659 1478 quod
1686 1433 1726 1469 id
1754 1434 1864 1478 quod
1891 1434 1931 1470 in

0 1506 3 1569 ι
255 1507 338 1534 una
365 1497 674 1544 significatione
701 1497 914 1538 clauditur,
943 1497 983 1533 in
1011 1497 1136 1534 aliam
1163 1507 1246 1534 non
1269 1498 1545 1534 continuatur.
1596 1497 1716 1535 Unde
1738 1498 1779 1534 in
1800 1498 1932 1535 Divi-

0 1578 5 1614 ,
200 1566 235 1591 20
255 1563 483 1600 sionibus
510 1563 568 1599 ait
594 1563 835 1599 Boethius
850 1566 874 1604 2,
912 1563 1022 1608 quod
1056 1563 1250 1608 quotiens
1277 1563 1639 1608 aequivocationis
1673 1564 1839 1609 partitio
1874 1564 1932 1605 fit,

254 1629 569 1665 monstrandum
597 1630 662 1665 est
688 1628 1000 1665 definitionibus
1036 1637 1106 1665 res
1141 1637 1238 1665 esse
1267 1628 1458 1665 diversas
1486 1638 1595 1674 quae
1632 1629 1932 1675 significantur,

254 1694 361 1731 sicut
387 1694 427 1730 in
455 1694 660 1730 divisione
688 1693 826 1730 carnis
852 1695 1037 1739 apparet.
1088 1693 1230 1730 Potest
1251 1694 1391 1739 itaque
1415 1694 1562 1730 divisio
1585 1695 1700 1731 vocis
1722 1695 1763 1731 in
1784 1695 1932 1732 modos

254 1768 337 1795 non
365 1759 499 1794 solum
525 1757 617 1794 fieri
643 1767 748 1795 voce
776 1759 952 1804 accepta
979 1758 1168 1799 univoce,
1197 1759 1303 1795 sicut
1330 1759 1514 1794 ostendit
1540 1758 1801 1801 Boethius,
1839 1769 1932 1796 cum

254 1823 458 1860 infinitum
485 1823 640 1865 dividit,
668 1833 813 1860 verum
841 1823 964 1860 etiam
999 1825 1174 1869 accepta
1210 1823 1454 1869 aequivoce,
1491 1833 1583 1860 cum
1618 1824 1813 1861 videlicet
1848 1834 1931 1861 non

199 1898 234 1924 25
255 1891 351 1925 sunt
378 1888 707 1935 significationes
735 1889 965 1934 oppositae.
1017 1888 1065 1924 Et
1092 1889 1148 1925 ita
1174 1889 1282 1925 hanc
1309 1889 1557 1926 divisionem
1586 1890 1737 1926 Prioris
1765 1890 1931 1936 proprie

254 1953 441 1990 dicamus
469 1953 586 1989 vocis
621 1953 662 1989 in
699 1953 845 1989 modos
880 1962 989 1993 esse,
1027 1953 1094 1989 vel
1129 1953 1239 1989 illam
1277 1963 1384 1998 quae
1420 1953 1468 1990 fit
1501 1953 1552 1990 de
1587 1954 1837 1999 ,amplector
1866 1955 1930 1991 vel

255 2019 305 2056 de
335 2019 425 2061 ,hoc
451 2019 570 2056 forte‘
607 2020 839 2065 aequivoce
877 2022 1051 2066 accepto
1078 2021 1119 2056 in
1157 2020 1445 2066 designatione
1483 2021 1670 2057 eiusdem
1709 2030 1931 2066 personae,

255 2085 308 2121 ad
336 2095 458 2131 quam
488 2087 628 2122 tamen
656 2095 739 2122 non
769 2087 834 2122 est
860 2086 1149 2131 aequivocum,
1178 2086 1284 2122 sicut
1311 2086 1622 2123 ostendimus
1650 2088 1930 2123 tractantes

0 2139 5 2215 ζ
253 2149 310 2186 de
338 2150 675 2195 aequivocis³.

0 2218 4 2270 ᾗ
198 2223 234 2248 30
397 2216 542 2252 Primo
569 2216 755 2257 quidem.
807 2215 953 2261 Incipit
979 2218 1221 2261 computare
1256 2216 1587 2262 significationes
1625 2216 1788 2258 Prioris,
1823 2227 1932 2263 quae
1958 2190 2125 2283 goggl)

253 2282 349 2317 sunt
376 2281 612 2326 quinque:
641 2281 756 2317 Prius
784 2281 978 2317 videlicet
1005 2282 1236 2318 secundum
1263 2283 1498 2327 (tempus.
1535 2282 1650 2318 Prius
1679 2282 1931 2324 secundum>

254 2345 569 2391 dignitatem,
597 2345 712 2382 Prius
741 2346 970 2383 secundum
998 2347 1401 2389 conversionem,
1439 2347 1556 2384 Prius
1593 2348 1823 2384 secundum
1858 2357 1932 2384 or-

253 2410 434 2450 dinem,
454 2410 570 2447 Prius
592 2411 820 2448 secundum
842 2421 1060 2456 causam;
1082 2414 1124 2448 et
1144 2412 1254 2448 illam
1276 2412 1626 2459 significationem
1648 2413 1800 2450 Prioris
1822 2423 1931 2458 quae

254 2477 482 2513 secundum
511 2478 704 2522 tempus
734 2479 809 2518 est,
837 2477 953 2522 ponit
980 2477 1173 2523 priorem.
1201 2487 1324 2523 quam
1353 2480 1393 2514 et
1414 2478 1546 2523 primo
1569 2478 1667 2515 dicit
1688 2479 1831 2515 vocari
1853 2479 1931 2515 hoc

199 2548 234 2572 ³5
256 2542 422 2578 nomine
451 2541 566 2578 Prius
602 2544 643 2578 et
678 2542 856 2587 proprie,
895 2543 1090 2588 quoniam
1130 2543 1285 2580 usitata
1324 2544 1457 2589 magis
1492 2546 1557 2580 est
1595 2544 1701 2580 haec
1740 2544 1929 2589 acceptio

254 2607 417 2643 Prioris.
470 2607 702 2648 Antiquius
737 2608 880 2653 accipe
917 2610 1115 2653 quantum
1155 2609 1207 2645 ad
1247 2609 1486 2649 inanimata.
1527 2611 1586 2645 ut:
1628 2610 1743 2649 ‚haec
1783 2609 1929 2645 domus

253 2672 463 2717 antiquior
502 2675 566 2708 est
606 2672 696 2713 illa‘,
735 2673 881 2709 senius
918 2683 1021 2710 vero
1062 2677 1258 2719 quantum
1300 2674 1353 2710 ad
1392 2674 1587 2711 animata.
1640 2674 1687 2711 In
1722 2685 1769 2711 eo
1803 2675 1929 2711 enim.

254 2737 364 2773 Vere
392 2737 620 2774 secundum
650 2739 812 2783 tempus
841 2738 990 2775 dicitur
1016 2739 1141 2784 prius,
1170 2739 1267 2784 quia
1294 2740 1521 2775 secundum
1550 2740 1725 2784 amplius
1755 2743 1929 2784 tempus,

254 2802 292 2839 id
321 2805 385 2839 est
413 2802 639 2839 secundum
669 2803 747 2839 hoc
775 2804 884 2848 quod
909 2804 1056 2840 maiori
1077 2806 1266 2849 tempore
1288 2804 1430 2840 existit
1452 2814 1576 2840 unum
1599 2814 1722 2850 quam
1743 2804 1929 2844 alterum.

199 2875 233 2900 ⁴0
253 2868 400 2904 dicitur
427 2868 539 2914 prius
567 2878 628 2904 eo.

395 2995 437 3026 24
466 2993 606 3033 verum]
633 2997 679 3026 un
707 2994 736 3026 A
836 2995 879 3027 :3ss
907 2994 1107 3035 antiquitus
1134 2995 1161 3027 A

396 3065 405 3086 ¹
435 3066 486 3099 Gr.
514 3074 637 3107 supra
665 3075 698 3106 p.
727 3061 883 3098 2755-15.
1011 3065 1026 3087 2
1053 3066 1213 3104 Boeth.,
1241 3066 1350 3098 Liber
1377 3065 1420 3098 de
1447 3066 1555 3098 diris.
1585 3065 1638 3098 PL
1665 3067 1719 3102 64,
1749 3075 1782 3107 p.
1811 3067 1878 3100 889
1891 3067 1928 3100 C.

394 3124 409 3144 ³
436 3124 484 3157 Cf
515 3132 638 3165 supra
666 3134 698 3165 p.
731 3124 844 3163 11930,
875 3124 987 3157 12014.

325 3179 440 3208 Beitr.
463 3179 535 3207 xxi.
573 3180 714 3214 Geyer,
737 3180 907 3207 Abaelards
927 3180 1035 3214 philos.
1056 3179 1218 3207 Schriften.
1746 3175 1786 3207 19
