2200 3387
184 805 318 841 Boetb.

184 864 219 897 p.
232 852 342 888 2521)

371 213 436 247 2s4
781 214 885 246 l'eter
911 214 1114 246 Abnelards
1144 213 1275 255 Logica
1304 213 1626 255 ,ingredientibus‘.

370 316 448 351 ago
478 307 527 342 de
555 305 785 341 contrariis,
815 305 958 341 dicens
986 304 1144 341 scilicet
1171 305 1278 349 quod
1313 314 1402 340 cum
1438 304 1631 341 Socrates
1670 315 1764 342 esse
1799 316 1944 343 sanum
1982 308 2035 344 sit

371 371 619 406 contrarium
647 371 704 406 ad
733 371 775 405 itl
802 370 917 410 qnod
942 372 998 405 es!
1026 370 1237 405 Socratem
1268 370 1484 413 lanyuere,
1511 370 1589 406 hoc
1617 373 1680 406 est
1703 380 1793 407 cuni
1822 371 1925 408 haec
1953 372 2032 408 duo

371 436 695 481 propositionum
726 436 834 471 dicta
863 435 1041 471 maxime
1070 435 1145 470 sibi
1168 435 1453 471 adversentur.
1483 445 1566 470 non
1596 436 1673 471 erit
1698 436 1912 480 possibile,
1938 446 2032 473 eum

370 501 551 536 alteram
588 501 818 543 continuat.
854 500 1063 540 reliquum
1100 500 1351 543 amtinyere.
1404 499 1450 535 Et
1489 509 1628 544 quare,
1668 501 1900 545 praemittit,
1939 510 2036 538 carm

372 566 527 601 scilieet
556 575 639 600 non
668 566 720 600 sit
749 565 950 609 possibile
979 567 1158 605 atraque
1185 565 1393 600 contraria
1422 565 1636 609 praedicta
1663 565 1888 601 convenire
1916 566 2034 602 simul

372 631 503 667 eidem
543 631 600 666 rei
639 634 678 666 et
717 631 767 666 ita
804 640 879 666 nec
917 630 1087 665 socrati.
1141 630 1267 670 Quasi
1302 639 1326 665 a
1363 632 1459 665 toto.
1519 630 1620 665 Cum
1661 631 1773 666 enim
1811 631 1874 667 sil.
1928 631 2035 668 Vere

371 706 459 731 eum
491 705 611 731 unum
642 695 772 732 tuerit.
801 705 882 730 non
912 695 1061 740 poterit
1089 704 1183 730 esse
1212 694 1397 730 alterum.
1427 695 1521 738 quia
1549 704 1639 730 cum
1663 695 1862 741 contingit
1889 705 2035 732 sanum

371 770 464 796 esse
493 760 703 796 Socratem
738 763 812 796 etc.
865 761 895 795 Α
926 760 1121 805 partibus.

515 826 658 861 l'alam
685 836 779 860 two
799 828 866 860 «ns-l.
907 825 1005 860 Cum
1030 825 1286 870 superius¹
1311 825 1566 861 describeret
1588 825 1723 861 media
1739 827 1779 861 ct
1800 826 2037 862 immediata

371 891 590 927 contraria.
619 890 719 926 dixit
748 891 914 925 istorum
944 890 1114 926 alterum
1146 899 1322 925 necesse
1352 890 1490 926 inesse
1514 890 1573 925 bis
1595 890 1634 925 in
1657 890 1802 935 quibus
1825 892 1923 926 nata
1943 893 2036 927 sunt

372 956 471 991 lieri.
506 956 542 990 id
581 957 644 991 est
681 955 846 1000 proprio
883 955 1148 999 susceptibili.
1183 955 1342 991 illorum
1378 964 1476 991 vero
1518 955 1694 991 minime.
1747 956 1860 992 Nunc
1900 958 2036 992 autem

373 1021 480 1065 quod
510 1021 638 1065 possit
667 1030 762 1055 esse
791 1020 1001 1064 proprium
1029 1020 1296 1065 susceptibile
1325 1021 1637 1058 contrariorum
1675 1021 1861 1067 assignat
1895 1021 2037 1057 dicens

372 1086 448 1121 boe
476 1085 696 1130 aliquando
726 1085 908 1129 speciem
939 1094 1046 1122 esse,
1076 1085 1233 1120 scilicet
1261 1085 1616 1130 specialissimam,
1644 1087 1865 1131 aliquando
1894 1096 2037 1132 genus,

373 1160 444 1195 pro
473 1159 522 1185 eo
552 1150 707 1185 scilieet
736 1150 843 1194 quod
866 1150 1069 1194 quaedam
1093 1151 1187 1185 sunt
1209 1150 1427 1189 contraria.
1456 1160 1562 1195 quae
1585 1151 1750 1196 proprie
1772 1151 1862 1187 fieri
1884 1151 2038 1187 habent

373 1215 409 1249 in
440 1214 562 1249 rebus
590 1214 816 1249 secundum
844 1215 1045 1249 naturam.
1074 1216 1243 1259 propter
1270 1223 1389 1258 quam
1419 1214 1595 1258 species,
1624 1214 1828 1259 quaedam
1851 1215 1891 1250 in
1911 1215 2036 1250 rebus

372 1279 597 1314 secundum
620 1280 808 1314 naturam
831 1288 984 1315 earum.
1009 1280 1176 1323 propter
1192 1288 1313 1324 quam
1335 1287 1466 1323 genus
1490 1280 1553 1314 est
1575 1279 1822 1323 impositum.
1868 1279 2036 1324 Proprie

374 1343 511 1387 itaque
540 1345 734 1386 quantum
773 1342 823 1377 ad
859 1342 1203 1387 significationem
1244 1342 1406 1387 species
1444 1343 1699 1387 quarundam
1739 1342 2037 1379 contrariarum

372 1417 516 1443 vocum
546 1408 856 1443 tundamentum
886 1407 1031 1443 dicitur
1059 1409 1098 1442 et
1135 1416 1265 1453 genus
1293 1408 1560 1452 quarundam.
1595 1410 1637 1443 ut
1674 1407 1825 1443 animal
1863 1407 2038 1453 aegritu-

372 1472 477 1507 dinis
515 1476 553 1508 et
596 1472 784 1508 sanitatis
825 1472 1031 1517 proprium
1076 1475 1138 1508 est
1177 1472 1387 1508 sufficiens
1435 1472 1744 1509 tundamentum
1785 1472 1850 1509 vel
1888 1482 2038 1518 corpus

372 1538 574 1573 albedinis
603 1540 641 1573 et
671 1538 893 1583 nigredinis
922 1540 961 1573 et
989 1538 1125 1573 anima
1152 1538 1332 1574 humana
1360 1537 1540 1574 iustitiae
1569 1541 1608 1574 et
1636 1538 1870 1574 iniustitiae.

516 1603 596 1638 Sed
624 1603 960 1647 quaerendum
994 1605 1086 1641 est.
1126 1612 1254 1647 quare
1291 1603 1425 1648 potius
1462 1612 1612 1648 corpus
1650 1612 1768 1647 quam
1808 1602 2040 1639 substantia

375 1667 581 1712 proprium
611 1667 876 1711 susceptibile
905 1667 1064 1702 dicatur
1091 1667 1292 1703 albedinis
1321 1669 1360 1703 et
1396 1667 1632 1712 nigredinis.
1685 1666 1797 1702 Sicut
1825 1667 1933 1703 enim
1960 1667 2040 1702 ista

375 1741 596 1777 numquam
625 1732 852 1768 subsistere
882 1734 1055 1776 possunt
1082 1732 1162 1767 nisi
1190 1732 1229 1768 in
1258 1742 1444 1777 corpore.
1473 1732 1529 1768 ita
1555 1732 1634 1768 nisi
1662 1732 1701 1767 in
1731 1732 1971 1773 substantia,
2000 1734 2040 1767 et

375 1798 478 1833 sicut
500 1800 645 1833 natura
668 1797 925 1833 substantiae
949 1807 1031 1833 non
1053 1797 1190 1843 exigit.
1214 1797 1273 1833 sic
1295 1807 1372 1833 nec
1394 1800 1542 1833 natura
1563 1797 1762 1843 corporis.
1785 1806 1890 1842 quae
1912 1806 2039 1842 saepe

376 1863 498 1899 etiam
533 1863 621 1898 sine
657 1863 718 1898 bis
759 1862 973 1907 reperitur.
1027 1862 1108 1898 Sed
1149 1861 1216 1908 [si]
1256 1862 1436 1898 fortasse
1471 1863 1510 1898 in
1545 1872 1594 1898 eo
1640 1872 1789 1908 corpus
1830 1862 2074 1908 proprium2

375 1928 641 1972 susceptibile
664 1928 821 1963 dicetur
849 1929 889 1963 et
916 1928 1085 1963 istorum
1108 1928 1217 1972 quod
1245 1937 1334 1963 cum
1358 1928 1435 1964 ista
1456 1937 1677 1973 numquam
1700 1928 1778 1964 nisi
1805 1927 1845 1964 in
1865 1936 2039 1973 corpore

375 1993 513 2033 «sint-2.
551 1993 782 2037 aequaliter
819 1993 1009 2028 omnibus
1047 1993 1267 2037 speciebus
1305 2002 1523 2038 corporum
1560 1993 1701 2029 inesse
1737 1994 1919 2038 possunt,
1966 1992 2040 2028 sed

376 2069 456 2094 non
480 2059 669 2094 omnibus
693 2058 913 2102 speciebus
936 2058 1205 2095 substantiae,
1228 2058 1378 2103 quippe
1401 2058 1566 2103 species
1588 2058 1765 2094 colorari
1787 2067 1868 2094 non
1891 2059 2038 2103 potest.

377 2124 456 2159 Sed
485 2124 562 2159 iam
592 2123 778 2168 proiecto
807 2123 1031 2159 secundum
1062 2124 1168 2159 banc
1195 2123 1399 2159 rationem
1428 2133 1507 2159 non
1538 2124 1721 2159 dicemus
1756 2132 1905 2168 corpus
1944 2132 2040 2159 esse

376 2189 583 2233 proprium
613 2188 880 2233 susceptibile
908 2188 1077 2224 animati
1105 2188 1168 2224 vel
1207 2188 1420 2224 inanimati
1447 2189 1513 2224 vel
1548 2188 1699 2224 animal
1737 2188 1948 2224 rationalis
1975 2187 2040 2223 vel
2060 2197 2076 2221 3

375 2254 635 2289 irrati0nalis.
664 2254 737 2289 sed
765 2253 900 2298 potius
929 2253 967 2288 in
997 2262 1046 2289 eo
1075 2253 1209 2298 aptius
1238 2256 1300 2289 est
1330 2254 1381 2289 ad
1403 2253 1636 2290 habendum
1659 2253 1953 2289 animationem
1975 2252 2040 2288 vel

376 2318 714 2354 inanimationem
745 2328 865 2363 quani
894 2318 933 2353 in
963 2328 1012 2354 eo
1041 2318 1149 2363 quod
1178 2321 1239 2354 est
1267 2318 1509 2354 substantia.

519 2383 799 2419 continuatio:
828 2383 920 2418 Dixi
942 2383 1132 2428 superius
1155 2383 1363 2419 contraria
1391 2385 1488 2419 nata
1514 2384 1605 2420 fieri
1626 2384 1666 2419 in
1686 2383 1940 2428 quibusdam,
1967 2383 2040 2419 sed

377 2448 637 2484 manifestum
668 2451 738 2486 cstv
768 2448 961 2493 quoniam
996 2448 1326 2489 contrarietates,
1362 2448 1400 2484 id
1429 2452 1492 2485 est
1519 2448 1736 2487 contraria,
1772 2449 1926 2484 habent
1951 2447 2042 2484 fieri

377 2514 541 2558 proprie
569 2514 679 2549 circa
706 2523 773 2548 res
801 2513 1100 2549 convenientes
1124 2513 1350 2549 secundum
1373 2514 1554 2558 speciem
1578 2513 1641 2549 vel
1665 2513 1775 2549 circa
1796 2522 1864 2549 res
1892 2521 2041 2549 conve-

377 2579 538 2614 nientes
567 2578 793 2614 secundum
820 2587 964 2623 genus.
994 2578 1031 2613 In
1061 2587 1110 2614 eo
1139 2578 1297 2614 scilicet
1324 2579 1432 2622 quod
1461 2578 1499 2614 in
1528 2579 1669 2623 specie
1697 2578 1950 2614 conveniunt
1976 2578 2043 2614 vel

378 2644 416 2679 in
445 2651 610 2689 genere.
664 2642 823 2687 Quippe
846 2652 1021 2687 corpora
1050 2643 1275 2679 secundum
1305 2643 1383 2679 hoc
1410 2643 1517 2687 quod
1539 2652 1715 2688 corpora
1743 2644 1848 2680 sunt.
1875 2642 2041 2688 proprie

377 2708 579 2744 albedinis
602 2708 666 2743 vel
695 2707 921 2753 nigredinis
950 2707 1231 2752 susceptibilia
1259 2710 1353 2744 sunt
1382 2709 1528 2753 quibus
1558 2718 1610 2744 ex
1638 2708 1749 2744 nulla
1775 2709 1923 2744 natura
1951 2708 2042 2743 sub-

378 2773 557 2809 stantiae
585 2772 771 2817 corporis
807 2774 1040 2818 repugnant
1072 2773 1176 2808 haec
1203 2781 1309 2817 quae
1336 2773 1416 2809 nisi
1443 2773 1483 2808 in
1511 2770 1686 2818 corpore
1715 2782 1811 2809 esse
1839 2782 1921 2809 non
1949 2782 2042 2818 pos-

379 2841 482 2874 sunt.
537 2838 739 2881 Lanyuor
760 2847 955 2878 namque.
996 2837 1104 2873 Vere
1127 2837 1335 2873 contraria
1356 2838 1509 2874 habent
1530 2837 1620 2874 fieri
1642 2838 1682 2873 in
1705 2837 1851 2874 eodem
1874 2846 2039 2883 genere,

521 2961 538 2989 ἵ)
568 2959 753 2999 possibilis
780 2959 806 2991 A
885 2959 926 2991 22
956 2957 1067 2998 Sicutl
1096 2959 1128 2991 Si
1158 2960 1185 2991 A
1272 2960 1314 2992 27
1343 2961 1547 3001 specierum
1575 2960 1790 3000 corporibus
1817 2960 1845 2991 A
1922 2959 1965 2991 39
1988 2967 2043 2991 re-

380 3021 554 3059 pugnant.
583 3019 638 3050 his
668 3020 695 3049 ,1

523 3089 531 3109 ¹
562 3088 708 3120 Boetli.
739 3089 759 3120 l.
789 3098 827 3126 6.,
856 3097 888 3128 p.
918 3089 984 3120 266
1012 3089 1050 3121 D.

2059 897 2090 921 10

2058 1226 2090 1251 15

2061 2519 2094 2544 :35

2061 2845 2096 2870 40
