2200 3387
341 230 407 264 2155
744 235 848 266 Peter
874 234 1078 268 Abaelards
1109 236 1238 277 Logiea
1268 237 1591 277 ,lugi-odientibus&

340 329 463 365 bus1.
497 338 588 365 cum
616 330 809 366 ostendet
837 331 990 376 privari
1024 332 1074 368 de
1110 332 1188 368 alio
1223 334 1455 378 praedicari
1495 344 1616 380 quam
1656 335 1844 381 privatio.
1884 336 2003 375 dicet,

340 392 433 435 quia
463 401 613 428 caecus
642 393 788 429 dicitur
815 395 949 435 homo,
978 396 1159 432 caecitas
1188 406 1290 432 vero
1318 397 1440 433 homo
1469 398 1579 434 nullo
1609 399 1730 435 modo
1759 399 1914 436 dieitur.

481 456 561 493 Sed
589 458 666 494 lioe
694 458 784 494 loco
813 469 895 495 non
923 460 1075 496 frustra
1102 461 1381 505 quaeritur.
1410 464 1543 498 utrum
1572 463 1747 508 privatio
1771 466 1811 500 et
1829 464 2004 504 habitus,

341 524 443 558 haee
471 523 648 561 nomina.
679 524 850 560 relativa
878 525 968 561 sint.
1022 525 1139 566 Quod
1168 527 1202 562 si
1230 527 1494 565 concedatur.
1522 531 1651 565 restat
1679 530 1881 574 quaestio.
1910 539 2006 574 qua-

340 587 430 623 liter
457 596 524 624 res
558 588 670 633 ipsas
707 589 981 634 privationem
1019 594 1059 627 et
1093 591 1272 627 habitum
1311 593 1581 637 appellamus.
1634 593 1722 630 Non
1754 594 1863 630 enim
1899 594 2004 631 visio
2026 603 2042 625 ··›

340 655 404 688 est
430 653 509 689 nIsi
536 653 639 689 haee
667 655 732 690 vel
760 654 837 690 illa.
890 655 1006 691 Unde
1035 656 1141 692 hane
1169 656 1233 693 vel
1262 657 1370 693 illam
1394 659 1557 702 oportet
1578 658 1655 695 diei
1676 659 1872 695 habitum.
1925 659 2005 696 Sed

340 717 455 753 cuius
483 718 726 763 privationis
755 719 918 756 habitus
946 730 1042 757 esse
1071 721 1257 757 dicetur?
1307 721 1509 767 Numquid
1538 723 1644 759 visio
1679 724 1796 760 istius
1830 723 2007 760 hominis

340 783 404 817 est
430 782 591 818 habitus
620 783 832 819 caecitatis
860 784 966 820 illius
995 785 1060 821 vel
1087 784 1269 821 caecitas
1304 785 1409 822 illius
1444 786 1621 822 hominis
1650 789 1713 823 est
1746 787 1923 832 privatio
1951 787 2008 823 vi-

340 846 469 882 sionis
498 847 643 884 istius‘)
695 848 783 884 Non
811 849 984 886 videtur.
1022 859 1111 885 eum
1142 850 1250 886 dicat
1285 851 1561 895 privationem
1599 853 1639 888 et
1675 852 1859 889 habitum
1896 852 2007 889 cirea

339 909 445 946 idem
475 911 702 948 subiectum
733 913 832 949 fieri.
886 913 967 949 Sed
995 923 1131 958 neque
1158 914 1322 950 habitus
1359 915 1438 950 diei
1475 917 1613 960 potest
1641 915 1746 952 visio
1783 916 1901 952 istius
1936 917 2006 952 ho·
2029 925 2060 950 10

339 974 459 1011 minis
487 975 658 1012 alieuius
686 978 899 1013 caecitatis
928 988 1034 1023 quae
1062 978 1102 1014 in
1130 979 1221 1023 ipso
1249 979 1311 1019 sit,
1340 979 1436 1024 quia
1464 980 1643 1017 fortasse
1682 981 1790 1017 nulla
1823 981 2005 1018 caecitas

339 1039 379 1075 in
419 1040 510 1085 ipso
550 1051 742 1087 umquam
781 1043 1004 1089 continget,
1039 1044 1104 1079 vel
1141 1043 1173 1080 si
1208 1044 1333 1080 etiam
1361 1046 1590 1090 contigerit,
1630 1056 1851 1091 numquam
1887 1046 2005 1083 simul

340 1114 430 1141 cum
458 1106 619 1142 visione
656 1107 743 1142 erit.
797 1106 913 1143 Unde
953 1108 1063 1144 nullo
1101 1110 1288 1154 tempore
1329 1110 1459 1146 altera
1498 1112 1693 1155 respectu
1733 1111 1902 1147 alterius
1941 1112 2007 1148 vel

339 1170 515 1215 privatio
543 1171 608 1206 vel
636 1171 801 1207 habitus
828 1172 1003 1209 relative
1033 1172 1112 1209 diei
1140 1174 1302 1218 poterit.
1357 1173 1517 1219 Quippe
1546 1184 1653 1220 quae
1689 1176 1865 1212 relativa
1901 1177 2006 1214 sunt.

338 1234 457 1270 simul
485 1237 580 1271 sunt
601 1236 842 1272 naturaliter
864 1238 904 1272 et
923 1237 980 1273 ita
1001 1246 1051 1273 eo
1074 1239 1260 1282 tempore
1286 1247 1366 1282 quo
1389 1248 1471 1274 una
1494 1240 1607 1275 esset
1628 1239 1803 1284 privatio
1824 1239 2004 1281 alterius,
2028 1251 2060 1274 ir.

187 1312 209 1336 ι.
238 1304 307 1337 3ῖυ
335 1302 499 1345 oportet
538 1301 659 1337 aliam
697 1311 793 1337 esse
828 1302 1009 1338 habitum
1043 1303 1148 1338 illius
1189 1304 1230 1338 et
1269 1303 1389 1339 simul
1428 1313 1519 1339 cum
1560 1313 1610 1340 ea
1650 1304 1845 1346 existere,
1870 1305 1873 1349 1
1897 1305 2007 1350 quod

339 1366 505 1402 omnino
532 1366 679 1402 falsum
708 1369 780 1402 est.
832 1367 948 1403 Nullo
977 1367 1116 1413 itaque
1145 1368 1267 1404 modo
1290 1368 1465 1413 privatio
1495 1370 1535 1404 et
1555 1369 1730 1410 habitus,
1759 1379 1851 1406 eum
1870 1379 2008 1406 rerum

339 1431 506 1467 nomina
533 1434 638 1469 sunt.
675 1432 850 1468 relativa
877 1433 1080 1470 videntur,
1117 1443 1208 1469 oum
1246 1434 1384 1469 tamen
1422 1433 1512 1479 ipse
1540 1434 1784 1470 relationem
1819 1435 1880 1471 eis
1908 1435 2009 1471 assi-

338 1505 467 1541 gnare
504 1496 693 1532 videatur
733 1497 771 1533 in
811 1498 1164 1542 sequentibus2
1204 1498 1367 1534 dicens:
1409 1498 1598 1537 ,Privatio
1632 1499 1796 1544 quidem
1837 1499 2007 1536 visionis

339 1560 520 1598 caecitas
549 1561 705 1604 dicitur,
733 1562 915 1599 caecitas
944 1572 1043 1599 vero
1072 1563 1246 1600 visionis
1273 1573 1356 1599 non
1378 1563 1546 1600 dieitur·
1600 1563 1681 1600 Sed
1702 1563 1882 1601 fortasse
1903 1565 2007 1601 haee
2028 1574 2062 1599 ευ

338 1626 564 1672 assignatio
587 1628 814 1664 secundum
835 1627 1081 1664 relationem
1102 1638 1185 1664 non
1213 1630 1276 1665 est
1302 1628 1423 1670 facta,
1452 1628 1558 1665 sicut
1579 1638 1658 1665 nee
1681 1629 1778 1665 ista:
1807 1630 1873 1666 ala
1900 1630 2008 1671 alati,

338 1691 403 1727 vel
430 1692 508 1728 hoe
541 1702 693 1728 nomen
729 1692 936 1738 significat
958 1723 963 1729 .
988 1723 1022 1729 ..
1061 1693 1271 1730 chimaera
1305 1695 1376 1735 est,
1414 1694 1479 1730 vel
1514 1693 1734 1730 affirmatio
1773 1695 2009 1741 negationis

338 1756 485 1793 dleitur
510 1758 577 1793 vel
605 1758 773 1804 negatio
801 1757 1102 1795 affirmationis.
1156 1757 1337 1795 Dicimus
1366 1759 1507 1804 itaque
1528 1758 1809 1804 privationem
1829 1761 1870 1796 et
1896 1759 2008 1796 habi-

339 1823 422 1857 tum
449 1830 516 1857 res
543 1821 656 1867 ipsas
684 1821 815 1867 primo
836 1822 928 1858 loco
952 1822 1042 1863 diei,
1064 1822 1192 1859 veluti
1213 1823 1320 1859 hane
1343 1823 1590 1859 eaecitatem
1614 1824 1656 1859 et
1678 1823 1785 1860 hane
1806 1823 2009 1860 visionem

339 1895 392 1922 ex
419 1886 664 1932 quibusdam
692 1887 857 1932 quidem
884 1887 1204 1933 proprietatibus
1233 1897 1339 1933 quae
1367 1887 1593 1924 relationes
1621 1897 1703 1924 non
1738 1890 1843 1930 sunt,
1877 1890 1920 1925 ut
1947 1888 2004 1925 vi·
2028 1899 2062 1925 25

338 1950 499 1986 sionem
527 1950 649 1986 istam
676 1950 716 1987 in
744 1960 794 1987 eo
822 1951 1005 1988 habitum
1033 1961 1129 1988 esse
1157 1952 1266 1997 quod
1295 1952 1329 1987 si
1355 1961 1437 1988 non
1466 1953 1571 1993 actu,
1600 1952 1746 1988 saltem
1780 1952 1821 1988 in
1855 1953 2004 1988 natura

338 2015 501 2053 habeat.
529 2025 610 2061 qua
631 2016 826 2061 privetur.
853 2018 894 2053 et
918 2017 1162 2053 eaecitatem
1190 2017 1310 2053 istam
1332 2017 1372 2053 in
1401 2026 1452 2053 eo
1479 2017 1754 2062 privationem
1789 2017 1867 2054 diei
1894 2018 2003 2062 quod

337 2080 378 2117 in
406 2082 553 2117 natura
579 2081 742 2122 habeat,
770 2082 879 2127 quod
906 2082 1109 2127 privando
1136 2082 1269 2127 possit
1295 2082 1518 2127 expellere.
1570 2081 1612 2117 In
1641 2082 1843 2118 divisione
1865 2083 2003 2119 tamen

339 2146 620 2192 oppositorum
647 2147 953 2183 Aristoteles
981 2157 1062 2183 non
1090 2147 1169 2183 nisi
1197 2147 1247 2183 de
1275 2147 1508 2183 nominibus
1531 2146 1719 2186 intendit,
1741 2156 1847 2192 quae
1869 2147 2003 2193 gratia

338 2211 689 2257 significationum
730 2212 903 2257 privatio
944 2214 985 2248 et
1023 2212 1187 2249 habitus
1227 2212 1426 2248 di0untur.
1484 2212 1602 2248 Unde
1643 2212 1740 2257 quia
1778 2212 2007 2248 secundum
2027 2223 2062 2249 30

337 2278 526 2312 naturam
554 2285 691 2312 rerum
719 2276 779 2312 sic
807 2278 901 2312 sunt
927 2277 1146 2321 appellata,
1174 2277 1227 2313 ad
1254 2278 1444 2312 naturam
1480 2285 1617 2312 rerum
1653 2276 1923 2322 aperiendam
1961 2285 2006 2312 se

338 2341 552 2377 convertit.

479 2405 760 2443 Continuatio:
802 2406 923 2448 Talis,
958 2410 999 2443 ut
1033 2407 1220 2445 diximus.
1256 2409 1319 2443 est
1359 2409 1507 2443 natura
1547 2406 1859 2448 contrariorum,
1900 2405 2007 2452 quod

338 2471 495 2507 seilicet
523 2471 727 2516 quaedam
755 2473 849 2508 sunt
874 2472 1125 2514 Immediata,
1155 2472 1358 2516 quaedam
1386 2471 1578 2512 mediata,
1613 2471 1687 2507 sed
1721 2471 1813 2507 talis
1842 2472 1905 2507 est
1931 2470 2009 2516 pri-

338 2536 517 2572 vationis
547 2538 587 2572 et
613 2536 789 2578 habitus,
819 2537 927 2582 quod
962 2537 1156 2573 videlieet
1192 2536 1368 2582 privatio
1407 2538 1446 2573 et
1482 2536 1658 2577 habitus,
1696 2536 1813 2581 ipsae
1850 2536 2009 2573 scilieet
2028 2553 2062 2579 35

337 2600 506 2638 formae,
535 2602 640 2637 sicut
661 2601 765 2652 visio
792 2603 831 2637 et
858 2602 1053 2643 caecitas,
1081 2602 1236 2638 habent
1261 2601 1354 2638 fieri
1382 2601 1625 2638 naturaliter
1651 2601 1760 2637 circa
1787 2601 1895 2637 idem
1917 2601 2010 2637 sub-

337 2666 498 2707 iectum,
528 2666 581 2702 ita
610 2666 765 2702 scilicet
793 2666 903 2711 quod
930 2667 1037 2702 idem
1067 2667 1296 2703 subiectum
1330 2667 1370 2703 in
1409 2668 1495 2703 tota
1536 2666 1769 2702 substantia
1808 2675 1883 2702 sua
1921 2674 2011 2711 per-

338 2740 511 2768 manens
539 2741 616 2767 nee
644 2733 881 2777 corruptum
909 2733 1046 2777 potest
1074 2732 1297 2777 permutari
1319 2732 1431 2768 cirea
1451 2731 1633 2768 habitum
1657 2733 1698 2767 et
1718 2730 2006 2776 privationem.

481 2867 498 2897 7
511 2867 713 2907 Numquam
728 2866 757 2898 A
851 2866 870 2897 8
885 2863 1062 2906 caecitas]
1077 2866 1266 2898 caecitatis
1281 2866 1307 2898 A
1404 2865 1446 2898 22
1459 2866 1548 2905 post
1562 2864 1748 2905 significat
1763 2864 1906 2896 lacuna
1919 2864 1958 2896 in
1974 2863 2002 2896 A

339 2926 501 2957 sortasse
517 2925 715 2965 leyendmn
729 2926 804 2957 est:
824 2933 899 2957 rem
915 2934 986 2957 non
1008 2925 1228 2957 existentem
1244 2927 1282 2956 ut
1362 2924 1405 2956 26
1427 2924 1458 2957 si
1479 2921 1566 2963 non]
1588 2923 1707 2956 sineA
1793 2923 1835 2955 27
1857 2921 2003 2961 habeat]

337 2984 473 3016 hancA
526 2982 702 3024 privetur]
730 2981 816 3015 uuei
842 2983 871 3016 A
973 2984 1012 3015 31
1037 2984 1091 3015 sie
1115 2984 1142 3015 A
1215 2984 1257 3016 32
1273 2984 1466 3016 convertat
1493 2983 1522 3014 A
1612 2982 1654 3014 37
1677 2982 1727 3013 ita
1748 2981 1887 3014 scilieet
1908 2981 2005 3022 quod

338 3042 432 3075 idem
461 3042 663 3075 subiectum
691 3042 747 3075 bis
773 3042 814 3074 in
840 3043 867 3074 A

480 3113 489 3134 ¹
518 3113 665 3146 Boeth.
695 3113 716 3145 l.
745 3122 783 3150 (n,
812 3122 844 3153 p.
873 3113 937 3145 271
956 3114 996 3145 Α.
1119 3114 1133 3134 “-’
1159 3114 1305 3146 Boetli.
1335 3113 1399 3149 Im..
1429 3123 1461 3153 p.
1491 3113 1557 3145 270
1573 3112 1609 3145 B.
