2200 3387
241 429 371 463 Baetin.

217 477 327 519 1⁸33*ss
342 477 370 510 l)

259 1875 280 1906 s.
310 1876 381 1906 411·

404 218 472 252 2⁵0·
805 220 911 252 Peter
939 219 1141 252 Abuelartls
1168 220 1301 261 Logica
1331 219 1654 261 ,Ingredientibus‘.

1091 358 1160 397 De
1198 357 1368 397 Priori.

544 447 663 482 l’rius
690 449 843 482 (actvm.
898 446 991 482 l'ost
1020 447 1208 491 opposita
1239 446 1288 481 ‹le
1320 446 1443 481 Priori
1472 448 1630 482 tractat.
1660 446 1737 482 hoc
1765 446 1886 482 modo
1909 446 2066 483 scilicet

403 512 510 556 quod
528 512 639 556 prius
657 515 871 547 enumerat
889 514 1081 555 quattuor
1109 511 1253 546 modos
1276 510 1426 546 Prioris
1449 519 1552 554 quos
1574 510 1641 546 alii
1672 510 1750 546 iam
1779 510 2065 553 distinxerant,

404 580 442 612 et
470 577 639 621 insuper
666 576 777 612 addit
806 577 893 620 ipse
922 585 974 611 ex
1003 585 1077 611 sua
1113 578 1227 620 parte
1256 575 1450 620 quintum.
1503 574 1680 610 Causam
1715 577 1852 611 autem
1890 584 2066 611 commu—

404 642 509 677 niter
536 642 585 677 (le
615 642 803 677 omnibus
831 650 937 685 quae
967 643 1058 685 post
1087 641 1423 685 praedicamenta
1459 641 1697 677 tractantur,
1736 639 1925 684 superius
1963 640 2066 676 assi·
2086 647 2101 670 ⁵

403 707 629 750 citavimus.
683 706 962 742 Continuatio:
990 706 1077 741 Non
1107 706 1237 741 solum
1267 705 1458 750 opposita
1487 705 1675 740 dicuntur
1702 706 1895 749 quattuor
1922 705 2065 744 modis,

404 773 476 808 sed
501 772 623 807 etiam
650 772 763 807 l‘rius
787 774 980 815 quattuor
996 771 1126 806 modis
1155 770 1363 815 accipitur.
1416 770 1461 805 lit
1489 770 1566 805 lioc
1595 771 1675 806 est:
1704 770 1885 805 (illerum
1910 770 2068 806 (licitur

402 837 526 880 prins
552 835 686 870 altero
715 837 906 879 quattuor
935 834 1076 870 modis.
1130 834 1245 874 Quod
1276 834 1329 870 ita
1358 833 1662 878 exponendum,
1692 834 1797 869 sicut
1823 833 1919 869 illud
1947 842 2067 878 supe-

404 902 498 936 rius.
533 901 639 945 quod
679 900 850 935 alterum
889 900 1108 944 opponitur
1147 899 1265 935 alteri
1305 898 1636 943 quadrupliciter.
1678 899 1755 934 hoc
1791 899 1855 934 est
1893 898 2065 934 alterum

402 965 531 1000 altero
561 964 704 999 (licitur
733 964 843 1007 prius
874 972 952 998 uno
982 963 1103 998 modo
1132 966 1172 998 et
1199 962 1385 998 similiter
1413 963 1532 998 tertio
1562 965 1601 998 et
1629 965 1774 1007 quarto
1803 961 1936 998 modo.
2089 969 2120 993 10

543 1029 816 1069 Quaeritur
852 1030 1001 1065 autem,
1038 1037 1145 1072 quae
1182 1028 1233 1062 sit
1270 1028 1373 1063 haec
1413 1027 1560 1062 divisio
1598 1027 1747 1062 Prioris
1782 1036 1904 1071 quam
1940 1026 2066 1072 ponit.

405 1095 606 1134 Quidam
638 1094 749 1128 vocis
780 1093 816 1128 in
848 1093 990 1127 modos
1020 1102 1109 1128 eam
1139 1101 1234 1128 esse
1263 1093 1416 1132 volunt,
1444 1102 1516 1136 pro
1540 1101 1590 1127 eo
1613 1092 1769 1128 scilicet
1790 1092 1899 1136 quod
1921 1091 2066 1127 modos

406 1159 599 1195 nominat.
638 1161 675 1194 ct
710 1161 805 1193 tunc
842 1158 947 1193 lianc
976 1166 1119 1193 vocem
1150 1157 1284 1201 prius·
1326 1157 1364 1192 in
1399 1167 1481 1192 una
1520 1156 1823 1202 significatione
1860 1156 2067 1201 accipiunt

405 1227 612 1268 tamquam
647 1225 853 1267 sumptum
887 1231 1038 1257 nomen
1076 1230 1098 1256 a
1127 1222 1304 1265 quadam
1343 1220 1483 1265 specie
1519 1221 1743 1260 relationis,
1784 1229 1905 1265 quam
1943 1219 2066 1256 etiam

405 1290 542 1324 dicunt
570 1288 713 1323 rel'erri
742 1287 793 1323 ad
821 1287 1041 1331 posterius,
1072 1289 1111 1321 ut
1133 1286 1214 1321 sint
1241 1286 1360 1330 quasi
1380 1285 1485 1320 duae
1508 1285 1754 1321 relationum
1776 1285 1940 1330 species
1962 1285 2067 1329 prio·
2089 1292 2121 1316 π·

406 1354 503 1388 ritas
533 1354 572 1388 et
601 1351 899 1396 posterioritas.
952 1350 1050 1385 Nam
1082 1350 1175 1385 licet
1203 1349 1236 1384 is
1265 1349 1332 1393 qui
1360 1348 1473 1394 prior
1508 1351 1582 1386 est,
1620 1351 1805 1393 tempore
1842 1347 2068 1393 praecedat

406 1419 443 1453 in
474 1417 705 1453 substantia
735 1426 826 1452 euin
856 1416 922 1460 qui
952 1415 1158 1460 posterior
1185 1417 1257 1453 est,
1296 1414 1401 1449 sicut
1429 1416 1468 1450 et
1495 1415 1614 1458 pater
1639 1412 1778 1454 filium,
1812 1413 1853 1448 in
1886 1412 2068 1458 proprie-

405 1483 556 1518 tatibus
584 1485 722 1517 tamen
752 1480 899 1525 prioris
928 1482 967 1515 et
994 1479 1237 1524 posterioris
1267 1478 1385 1515 simul
1409 1480 1513 1519 sunt,
1542 1478 1637 1523 quia
1658 1487 1921 1523 nequaquam
1943 1478 1978 1513 is
2000 1477 2067 1523 qui

407 1547 615 1592 praecedit
643 1547 828 1583 alterum.
857 1545 968 1590 prior
995 1554 1043 1580 eo
1073 1544 1229 1585 dicitur,
1256 1544 1336 1579 nisi
1365 1544 1457 1579 dum
1486 1543 1648 1587 utrique
1670 1542 1789 1578 simul
1811 1543 2066 1587 permanent,

406 1616 444 1649 ct
473 1616 567 1648 tunc
596 1612 673 1647 iste
701 1611 812 1656 prior
839 1611 906 1645 illo
935 1610 1082 1646 dicitur
1109 1619 1161 1645 ex
1191 1618 1239 1645 eo
1269 1609 1377 1654 quod
1412 1608 1551 1644 existit
1584 1617 1634 1644 θο
1668 1609 1855 1653 tempore
1883 1617 1963 1652 quo
2000 1607 2066 1643 ille
2088 1615 2122 1640 ευ

406 1677 586 1713 nondum
615 1679 712 1712 erat.
766 1676 807 1711 Si
834 1676 971 1720 itaque
1001 1675 1103 1710 duas
1132 1683 1198 1710 res
1228 1682 1448 1718 numquam
1478 1673 1596 1709 simul
1625 1673 1867 1714 existentes,
1896 1672 1970 1709 sed
1994 1681 2069 1717 per

406 1743 715 1778 successionem
745 1744 973 1785 temporum
1003 1749 1098 1775 sese
1126 1739 1428 1784 praecedentes
1464 1740 1503 1774 ct
1537 1738 1842 1782 subsequentes
1871 1746 2067 1774 vocemus

406 1806 582 1842 invicem
611 1806 770 1851 priores
793 1807 833 1840 et
860 1804 1126 1849 posteriores.
1155 1813 1237 1839 non
1266 1812 1315 1838 co
1346 1802 1466 1838 modo
1496 1802 1643 1847 prioris
1671 1811 1822 1837 nomen
1843 1801 2068 1846 accipimus

412 1875 414 1917 l
447 1881 526 1916 quo
556 1872 696 1906 volunt
724 1870 787 1905 liic
816 1870 987 1906 relative
1021 1869 1128 1914 poni.
1168 1870 1209 1903 ut
1246 1868 1278 1903 si
1317 1869 1583 1912 praesentem
1622 1866 1843 1902 lectionem
1883 1866 2068 1901 dicamus

406 1937 583 1981 priorem
622 1935 755 1971 futura
785 1935 847 1970 vel
886 1934 1159 1979 posteriorem
1196 1932 1432 1977 praeterita,
1472 1941 1554 1967 non
1595 1931 1767 1967 relative
1807 1931 1845 1967 id
1886 1930 2123 1969 dicimusef.

407 2002 529 2037 immo
557 2001 669 2045 prius
698 2004 738 2036 et
767 1999 972 2044 posterius
1001 2001 1157 2034 tantum
1194 2000 1357 2042 sumpta
1393 1998 1487 2032 sunt
1514 2006 1538 2032 a
1566 1996 1810 2040 quibusdam
1848 1995 2068 2040 speciebus

408 2066 616 2106 Quando.
646 2069 685 2101 et
714 2065 804 2100 talis
834 2067 896 2100 est
925 2071 1092 2099 seusus:
1130 2072 1331 2108 praesens
1366 2062 1486 2097 lectio
1516 2063 1579 2097 est
1605 2061 1717 2106 prior
1750 2060 1895 2096 futura.
1933 2059 1971 2095 id
2006 2060 2069 2094 est

408 2132 452 2167 fit
480 2132 517 2167 in
541 2135 739 2176 tempore.
770 2132 861 2175 post
890 2139 1011 2174 quam
1041 2129 1175 2164 futura
1212 2127 1332 2163 lectio
1370 2130 1434 2163 est
1470 2127 1754 2162 subsecutura.
1807 2126 1858 2161 At
1894 2134 1994 2161 vero
2034 2124 2068 2159 si

408 2199 514 2233 bene
542 2195 799 2232 auctoritatis
829 2195 956 2230 verba
989 2203 1226 2239 pensemus.
1262 2192 1641 2228 animadvertemus
1678 2191 1785 2226 hanc
1822 2189 2067 2226 divisionem

408 2262 543 2307 potius
571 2261 828 2306 aequivocae
856 2260 970 2295 vocis
1000 2268 1106 2295 esse.
1159 2258 1200 2294 Si
1228 2258 1336 2293 enim
1365 2257 1479 2293 Prius
1507 2256 1558 2292 ad
1586 2256 1724 2292 omnia
1759 2255 1934 2291 univoce
1963 2254 2070 2290 ‹lice-
2089 2268 2123 2292 ευ

408 2330 529 2365 retur,
559 2336 703 2362 omnes
732 2326 849 2361 simul
879 2326 918 2360 et
940 2324 1170 2368 aequaliter
1196 2322 1306 2358 modi
1329 2322 1479 2358 Prioris
1501 2323 1752 2357 vocarentur
1772 2320 1898 2361 Prius,
1921 2319 2068 2364 quibus

409 2403 461 2427 ex
489 2392 633 2427 eadem
663 2399 790 2427 causa
811 2389 962 2425 Prioris
985 2398 1134 2424 nomen
1152 2388 1397 2432 impositum.
1420 2387 1525 2422 sicut
1547 2386 1684 2422 omnia
1705 2384 1910 2421 animalia.
1932 2393 2070 2429 quam-

409 2458 468 2492 vis
498 2457 699 2501 quaedam
730 2456 809 2491 sint
837 2454 1025 2499 digniora
1052 2453 1153 2489 aliis.
1181 2452 1372 2497 aequalia
1399 2454 1537 2487 tamen
1561 2451 1753 2487 animalia
1775 2450 1962 2486 dicuntur
1982 2450 2070 2491 <et>

408 2522 560 2558 nullum
589 2521 719 2565 magis
747 2520 912 2564 proprie
941 2528 1063 2563 quam
1092 2518 1263 2553 alterum
1293 2517 1524 2561 appellatur
1551 2515 1701 2551 animal
1729 2515 1794 2551 vel
1830 2514 1944 2550 Prius
1971 2515 2070 2550 tem-

409 2596 520 2631 pore.
549 2586 643 2630 quia
681 2585 785 2620 sicut
820 2594 901 2619 una
938 2584 1011 2619 t'uit
1044 2582 1318 2627 impositionis
1352 2590 1491 2621 causa,
1528 2581 1583 2616 ita
1621 2590 1702 2616 una
1736 2579 1811 2615 fuit
1849 2578 2067 2624 impositio.
2090 2590 2124 2614 35

409 2652 459 2686 At
487 2659 586 2685 vero
615 2649 918 2684 Aristoteles
953 2647 1048 2682 dicit
1080 2646 1194 2681 Prius
1232 2645 1458 2681 secundum
1496 2646 1656 2689 tempus
1694 2644 1866 2688 primum
1903 2644 1944 2678 et
1979 2651 2070 2687 pro-

410 2715 521 2760 prius
561 2714 700 2749 vocari
741 2712 856 2748 Prius
896 2721 1017 2756 quam
1058 2712 1220 2746 ceteras
1261 2709 1588 2754 significationes
1629 2708 1791 2744 Prioris.
1848 2707 2070 2743 Praeterea

410 2780 506 2816 dicit
528 2782 715 2824 quartum
739 2778 900 2813 modum
931 2777 997 2821 qui
1021 2778 1084 2812 est
1105 2775 1331 2811 secundum
1354 2774 1606 2819 (lignitatem,
1623 2782 1756 2818 paene
1772 2771 2069 2808 alienissimum

411 2854 503 2881 esse
543 2855 566 2880 a
606 2843 910 2889 significatione
937 2841 1100 2877 Prioris.
1152 2840 1269 2876 Unde
1298 2841 1472 2885 apparet
1507 2848 1660 2875 nomen
1696 2837 1848 2874 Prioris
1882 2836 2070 2873 diversas

410 2909 738 2954 significationes
766 2908 920 2943 habere
949 2907 1175 2942 secundum
1204 2904 1420 2941 distinctos
1449 2903 1629 2948 quinque
1657 2902 1802 2938 modos
1829 2903 1869 2938 et
1895 2901 1936 2937 in
1965 2900 2069 2936 desi·
2089 2911 2123 2935 40

411 2974 606 3019 gnationc
635 2973 784 3009 Prioris
812 2971 1038 3007 secundum
1067 2973 1228 3014 tempus
1257 2970 1462 3013 sumptum
1491 2967 1652 3004 videtur
1678 2976 1702 3003 a
1730 2967 1906 3011 quadam
1929 2965 2070 3010 specie

552 3096 656 3127 :lsi—237
687 3095 832 3135 proprie
862 3095 902 3125 ll.
