2200 3387
168 891 198 915 10

169 1214 200 1239 15

166 1543 200 1568 20

165 2195 200 2219 30

167 2519 201 2542 :⁴5

452 205 482 237 2.
512 205 576 237 llic
604 205 762 237 Glossen
792 214 834 237 zu
863 205 932 237 dcn
964 205 1198 245 Kutegorien.
1230 224 1269 226 -κ-
1303 205 1353 237 lle
1381 206 1673 238 denominativis.
1836 204 1898 237 1:3:3

222 303 328 339 sunt.
358 301 606 346 loqueretur.
623 302 830 347 quandam
848 311 990 337 eorum
1018 301 1315 346 proprietatem
1338 302 1499 346 aperuit
1516 302 1658 338 dicens
1677 306 1704 337 ¹:
1734 302 1783 341 ‚in
1808 303 1900 338 sub-

223 365 331 401 iecto
360 376 456 402 esse
484 367 587 403 dico⁴
618 369 706 404 etc..
745 366 801 403 ita
828 367 892 402 bic
926 375 1069 402 eorum
1104 376 1211 411 quae
1240 366 1290 402 de
1318 366 1505 402 subiecto
1534 367 1734 404 (licuntur.
1773 377 1900 412 quan-

222 430 317 467 dam
341 432 524 477 regulam
548 432 673 477 ponit,
695 441 803 477 quae
825 431 988 476 quidem
1008 431 1251 467 necessaria
1272 433 1337 466 est
1359 434 1528 476 propter
1550 432 1899 476 praedicationes,

222 505 325 540 quas
353 498 599 533 ostensurus
626 498 691 533 est
719 496 757 532 in
787 497 1008 532 tractatu
1036 496 1353 532 substantiae
1369 499 1393 534 ·-'.
1423 496 1489 532 ubi
1512 496 1670 532 scilicet
1699 500 1899 533 monstra·

221 561 278 596 bit
302 562 305 606 Ι
328 571 487 606 genera
515 571 596 597 non
624 561 757 597 solum
787 561 838 597 de
866 561 1089 606 speciebus
1118 563 1160 596 ut
1187 561 1238 596 de
1267 561 1466 597 subiectis
1486 562 1729 606 praedicari.
1753 572 1894 597 verum

220 624 345 661 etiam
373 626 424 661 de
453 625 686 661 individuis.
739 624 808 661 Est
836 627 973 660 autem
1003 625 1234 670 praedicari
1263 625 1314 660 de
1345 624 1536 661 subiecto
1558 626 1665 661 teste
1686 625 1897 661 Boethio

221 690 455 735 praedicari
496 691 535 726 in
573 690 820 729 substantia.
861 690 970 735 quod
1012 700 1101 726 nos
1142 690 1361 735 diligenter
1397 694 1578 735 supra-'¹
1615 690 1901 735 exposuimus.

221 754 377 799 Regula
404 763 504 790 vero
532 754 592 790 sic
619 756 683 790 est
711 754 990 800 intelligenda.
1019 754 1129 799 quod
1157 754 1323 799 quoties
1357 754 1510 799 aliquid
1549 755 1814 799 praedicatur
1849 755 1899 791 de

219 818 351 854 altero
380 819 419 855 in
448 819 684 855 substantia
712 820 752 854 et
780 818 890 854 aliud
918 828 1062 855 rursus
1092 819 1143 854 de
1178 818 1269 863 ipso
1297 818 1540 864 praedicato
1568 819 1834 864 praedicatur
1860 820 1899 856 in

219 883 464 922 substantia.
493 884 589 920 illud
618 883 729 923 idem
755 883 1022 928 praedicatur
1048 883 1099 920 de
1128 883 1317 920 subiecto
1347 883 1386 919 in
1416 884 1661 920 substantia.
1715 884 1762 920 Et
1782 894 1901 930 prae-

219 949 427 993 ponuntur
454 948 560 984 duae
589 948 894 993 propositiones
929 948 981 984 ad
1020 948 1194 985 tertiam.
1217 939 1343 993 'quod
1380 948 1575 993 exempla
1611 951 1757 994 aperte
1796 948 1897 985 indi-

219 1019 326 1052 cant.
354 1022 446 1049 cum
474 1013 637 1050 dicitur:
668 1016 711 1049 nt
740 1015 870 1049 homo
898 1014 948 1049 cle
974 1014 1165 1059 quodam
1194 1014 1370 1049 homine
1396 1013 1647 1059 particulari.
1687 1014 1726 1050 id
1756 1016 1820 1050 est
1848 1015 1899 1051 de

219 1076 456 1122 particulari
478 1077 645 1113 nomine
667 1071 841 1113 alicuius
863 1077 1042 1113 hominis
1065 1079 1141 1113 etc.
1195 1077 1306 1121 Eryo
1326 1079 1362 1113 e!
1385 1078 1435 1113 (Ie
1455 1078 1644 1123 quodam
1670 1078 1898 1114 secundum

1929 566 1951 597 Γ.
1985 567 2049 597 mr

219 1140 393 1177 formam
426 1141 667 1186 syllogismi.
720 1141 905 1185 Quidam
942 1141 1055 1177 enim
1093 1142 1233 1177 homo.
1285 1141 1616 1187 Propositionem
1661 1145 1703 1179 et
1737 1143 1899 1179 conclu·
1963 1169 1968 1174 .

220 1205 383 1242 sionem
410 1207 560 1251 probat
587 1216 612 1242 a
638 1216 765 1243 causa
793 1216 869 1252 per
895 1208 1085 1242 naturam
1113 1216 1263 1248 rerum,
1291 1217 1340 1243 ac
1367 1207 1400 1243 si
1428 1207 1602 1244 diceret:
1633 1208 1741 1244 Vere
1763 1208 1899 1247 hom0.

220 1271 299 1308 hoc
326 1280 491 1311 nomen,
520 1272 800 1317 praedicabile
829 1274 894 1308 est
921 1272 1150 1308 secundum
1179 1272 1239 1308 rei
1267 1274 1456 1308 naturam
1479 1273 1530 1308 de
1558 1273 1696 1318 aliquo
1724 1273 1901 1318 particu-

219 1337 295 1373 lari
323 1337 529 1373 vocabulo
559 1337 747 1378 hominis.
776 1337 873 1382 quia
901 1337 1067 1382 quidam
1095 1338 1218 1374 homo
1246 1340 1311 1374 est
1338 1338 1461 1374 homo
1497 1340 1538 1374 et
1572 1338 1738 1383 quidam
1776 1338 1899 1375 homo

221 1404 284 1438 est
304 1402 468 1438 animal.
508 1401 556 1438 Et
583 1404 718 1441 nota.
747 1402 857 1448 quod
879 1402 977 1438 illud
1000 1403 1203 1448 ‚quando·.
1232 1403 1342 1448 quod
1363 1403 1650 1448 praemittitur.
1672 1404 1901 1449 temporale

220 1469 295 1506 est.
330 1477 412 1503 non
444 1467 741 1505 conditionale.
778 1477 828 1504 ac
862 1468 897 1504 si
930 1468 1089 1504 dicatur
1129 1468 1357 1513 ‚quotiensn
1398 1469 1439 1504 et
1482 1470 1547 1504 est
1584 1469 1730 1515 regula
1768 1469 1901 1515 magis

220 1533 650 1579 argumentationibus
678 1543 800 1578 quam
829 1533 1143 1579 consequentiis
1172 1534 1376 1575 serv1ens‚
1404 1534 1531 1570 veluti
1559 1534 1614 1570 illi
1635 1537 1902 1580 argumenta-

220 1598 320 1635 tioni
342 1608 465 1643 quam
486 1600 657 1644 propter
685 1599 921 1644 exemplum
943 1599 1172 1644 supposuit.
1225 1599 1445 1645 Opponit
1468 1600 1607 1636 autem
1629 1599 1872 1637 Boethius
1888 1619 1900 1640 4

219 1665 425 1701 adversus
452 1664 560 1700 hanc
587 1665 785 1710 regulam,
813 1665 923 1710 quod
950 1664 1131 1701 fortasse
1160 1665 1251 1710 quis
1289 1665 1397 1702 dicat
1431 1675 1523 1701 eam
1561 1665 1729 1702 minime
1758 1676 1899 1703 veram

221 1738 326 1769 esse.
348 1729 444 1775 quia
465 1739 557 1765 cum
579 1728 775 1765 Socrates
797 1730 849 1765 sit
870 1730 1006 1769 homo,
1027 1730 1151 1766 homo
1173 1731 1312 1766 autem
1335 1731 1514 1776 species,
1537 1730 1734 1767 Socrates
1757 1733 1897 1768 tamen

221 1794 386 1840 species
412 1804 495 1830 non
523 1796 598 1831 est.
638 1795 699 1831 Ad
728 1795 838 1840 quod
866 1795 1162 1831 solvendum
1195 1795 1294 1832 illud
1321 1796 1561 1841 respondet,
1595 1797 1704 1841 quod
1732 1797 1898 1842 species

166 1869 181 1893 2
221 1859 272 1895 de
300 1858 467 1895 homine
500 1859 540 1894 in
575 1859 810 1895 substantia
846 1869 928 1895 non
965 1859 1123 1895 dicitur.
1176 1859 1258 1896 Sed
1295 1869 1373 1896 nec
1411 1860 1534 1896 etiam
1564 1861 1699 1901 homo,
1738 1861 1898 1898 medius

221 1924 432 1965 terminus,
454 1924 495 1961 in
520 1925 666 1961 eadem
692 1924 998 1970 significatione
1017 1925 1230 1965 retinetur,
1261 1925 1335 1962 sed
1358 1935 1450 1962 cum
1471 1926 1584 1971 prius
1607 1928 1722 1963 esset
1744 1936 1896 1963 nomen

220 1990 291 2030 rei.
319 1992 467 2035 postea
493 1990 743 2026 transfertur
769 1990 822 2026 ad
848 1990 1199 2035 significationem
1227 1991 1290 2026 sui
1323 1991 1466 2036 ipsius.
1518 1991 1638 2028 Unde
1670 1992 1761 2037 ipse
1789 1992 1896 2029 idem

219 2054 466 2090 Boethius
494 2054 551 2090 ait
578 2054 701 2090 homo
729 2056 770 2091 et
797 2054 949 2090 animal
977 2056 1066 2092 etc..
1101 2055 1317 2101 generalia
1343 2056 1410 2091 vel
1444 2056 1643 2101 specialia
1679 2057 1896 2097 vocabula.

221 2120 527 2164 quodammodo
556 2120 724 2156 nomina
751 2129 848 2156 esse
876 2120 1089 2156 nominum
1102 2123 1128 2162 ⁵,
1165 2121 1331 2166 quando
1368 2121 1563 2158 videlicet
1601 2122 1692 2167 ipsa
1725 2122 1778 2158 ad
1804 2126 1899 2164 <se>

222 2185 539 2231 significandum
575 2185 891 2227 transferuntur,
935 2185 1042 2222 sicut
1080 2188 1122 2222 et
1158 2186 1371 2232 quaelibet
1406 2196 1491 2223 vox
1524 2187 1565 2223 in
1605 2187 1898 2233 designatione

221 2249 285 2286 sui
311 2249 443 2295 accipi
471 2251 618 2295 potest.
693 2295 697 2298 ι

363 2314 637 2351 Diversorum
672 2325 888 2359 ymerum.
940 2315 1059 2352 Aliud
1094 2315 1318 2361 capitulum
1356 2316 1595 2362 ingreditur.
1632 2317 1742 2362 quod
1780 2327 1896 2363 prae-

222 2379 392 2415 mittitur
405 2381 576 2425 propter
591 2380 798 2425 quandam
812 2381 1050 2426 opinionem
1065 2380 1214 2417 falsam
1236 2381 1517 2423 recidendam,
1539 2392 1647 2427 quae
1670 2383 1898 2419 Platonis

222 2453 318 2480 esse
346 2445 518 2486 videtur,
546 2445 725 2482 volentis
753 2446 913 2482 scilicet
939 2446 1112 2482 easdem
1146 2447 1312 2492 species
1345 2449 1386 2483 et
1423 2447 1463 2483 in
1502 2447 1565 2487 ‚ad
1599 2447 1764 2493 aliquid·
1803 2457 1898 2485 esse

222 2509 263 2544 et
290 2507 330 2544 in
356 2508 588 2545 substantia
613 2509 703 2545 sive
731 2510 941 2555 qualitate,
976 2510 1082 2546 sicut
1116 2512 1181 2546 est
1213 2511 1366 2547 animal
1392 2511 1457 2547 vel
1495 2511 1725 2557 disciplina.
1778 2512 1897 2553 Quod

222 2581 296 2618 per
320 2571 400 2609 hoc
426 2573 575 2610 falsum
603 2575 785 2611 ostendit
806 2575 915 2620 quod
937 2576 1060 2612 docet
1081 2585 1283 2622 generum
1304 2586 1388 2612 non
1410 2577 1647 2613 alternatim
1669 2577 1896 2622 positorum

223 2647 304 2673 non
333 2647 429 2674 esse
457 2639 628 2675 easdem
651 2640 816 2685 species
838 2640 904 2676 vel
925 2641 1097 2677 easdem
1118 2641 1377 2678 differentias
1399 2642 1638 2678 divisibiles.
1689 2642 1735 2678 Et
1757 2645 1889 2684 nota,

222 2702 332 2747 quod
360 2703 499 2748 plures
527 2703 567 2739 in
595 2704 675 2740 hoc
702 2705 881 2750 capitulo
909 2706 1076 2751 regulas
1105 2706 1239 2745 tradit,
1268 2706 1405 2742 illam
1439 2707 1597 2743 scilicet
1624 2707 1897 2752 praemissam

222 2776 345 2812 quam
367 2766 448 2802 iam
464 2767 654 2808 diximus,
673 2768 725 2804 de
748 2778 830 2804 non
847 2769 992 2814 positis
1015 2770 1330 2806 subalternatim
1352 2772 1393 2806 et
1413 2770 1547 2806 illam
1570 2771 1621 2807 de
1644 2771 1896 2807 subalternis

370 2901 410 2932 17
438 2901 574 2933 homini
602 2902 813 2941 particulari
837 2903 871 2934 id
890 2901 961 2942 estl
983 2903 1015 2935 h.
1033 2912 1066 2943 p.
1091 2904 1110 2935 i.
1136 2904 1164 2934 A
1241 2903 1278 2935 21
1311 2904 1519 2944 Opponitur
1539 2904 1565 2936 A
1652 2904 1894 2937 :321V1-2R80-

225 2960 322 2992 ΚΒΜ
354 2960 381 2991 Α
482 2960 523 2992 34
553 2960 712 2993 nolentis
739 2960 768 2993 A
867 2962 910 2993 35
939 2960 1088 3001 animal]
1116 2962 1189 2994 alia
1218 2963 1245 2993 A

368 3029 376 3052 ¹
406 3031 554 3063 Boeth.
584 3031 606 3063 l.
635 3041 674 3069 c„
703 3041 736 3072 p.
768 3033 832 3064 169
849 3033 885 3065 Β.
984 3032 998 3054 2
1026 3033 1175 3066 Boeth.
1204 3033 1225 3065 I.
1254 3043 1293 3072 0.,
1323 3043 1355 3073 p.
1387 3034 1451 3065 184
1469 3034 1505 3065 B.

364 3089 378 3110 ³
406 3091 457 3122 (Ὺ.
474 3099 597 3131 supra
612 3100 645 3131 p.
665 3091 808 3128 126st27.
872 3091 884 3112 ‘¹
911 3092 1062 3125 Boeth.
1084 3093 1158 3129 Le..
1176 3102 1209 3133 p.
1235 3093 1300 3125 176
1316 3093 1353 3125 C.
1416 3092 1699 3131 ⁵ssoeth.1.c.,
1722 3103 1756 3134 p.
1775 3094 1839 3125 176
1854 3093 1893 3127 D.

1924 2291 2058 2325 Boeth.

1925 2349 1960 2382 p.
1976 2340 2041 2373 157
2059 2338 2087 2372 Α
