2200 3387
351 227 397 260 50
760 226 866 260 Peter
892 227 1095 260 Abaelards
1123 227 1256 268 Logica
1283 225 1605 268 ‚Ingredientibusn

353 325 572 360 individua.
623 323 669 359 Et
702 324 779 359 hoc
816 325 895 359 est:
934 323 1208 359 Imlz'viduum
1243 323 1355 358 enim
1397 324 1454 358 est
1482 324 1558 359 etc.
1611 323 1726 366 Quae
1763 333 1860 359 vero
1899 325 2007 359 sunt.

353 389 483 425 Homo
511 391 667 424 tantum
696 390 757 424 est
785 388 959 433 species.
988 388 1222 424 substantia
1248 389 1405 423 tantum
1433 389 1498 424 est
1524 397 1667 433 genus.
1720 387 1801 424 Sed
1825 396 1876 423 ea
1902 396 2009 432 quae

353 456 447 489 sunt
474 454 513 489 in
540 453 687 491 medio,
724 455 940 498 utrumque
968 455 1073 490 sunt,
1101 452 1254 488 scilicet
1281 461 1411 497 genus
1438 453 1478 488 et
1505 452 1680 497 species.
1733 452 1872 495 Quare
1898 453 2009 493 haec,

352 517 507 552 scilicet
534 516 681 555 media.
710 517 818 552 (luas
845 516 996 551 haben!
1025 516 1308 556 lealn'tmlines,
1336 515 1431 559 quia
1452 515 1610 551 scilicet
1637 515 1737 551 istas
1758 515 1861 551 duas
1887 523 2011 560 gene-

353 581 556 616 ralitatem
591 583 631 616 et
663 580 975 625 specialitatem.
1009 590 1100 615 eam
1135 579 1288 614 scilieet
1322 589 1431 623 qnae
1463 581 1519 614 est
1547 580 1622 614 etc.
1674 579 1868 614 Extrema
1900 587 2009 614 vero.
2029 585 2046 610 5

351 644 546 680 Extrema
573 647 696 680 vocat
723 645 773 680 de
800 644 1047 680 habentibus
1075 643 1150 678 has
1177 643 1282 678 duas
1306 642 1570 678 habitudines
1591 641 1949 687 generalissimum
1970 642 2011 678 et

353 708 707 753 specialissimum.
736 697 741 700 ’
767 707 971 747 Quidam
1005 708 1142 742 autem
1179 707 1274 742 hinc
1310 706 1518 742 coniciunt
1552 705 1764 741 individua
1799 714 1882 741 non
1917 713 2010 741 esse

353 773 403 809 de
431 773 768 818 praedicamento
797 773 985 807 volentes
1010 771 1334 816 Porphyrium
1368 772 1557 806 extrema
1588 769 1915 815 praedicamenti
1946 769 2011 805 hic

353 837 568 882 assignare
596 839 637 871 et
663 836 940 872 adhaerentes
966 835 1059 871 huic
1086 834 1241 870 nomini
1273 834 1665 879 praedicamentum,
1693 833 1803 878 quod
1835 842 1860 869 a
1894 841 2012 878 prae-

353 901 558 937 dicatione
581 901 737 941 dicitur,
766 909 855 935 cum
883 910 907 936 3.
929 900 1060 945 prima
1081 899 1311 935 substantia
1332 899 1443 934 nulla
1465 899 1528 934 est
1548 897 1817 943 praedicatio.
1857 896 2012 937 Quibus
2033 901 2065 926 10

353 974 444 1000 cum
482 964 638 1000 dicitur.
679 963 787 1008 quod
833 963 1044 999 individua
1076 962 1378 1007 Porphyrius
1419 971 1582 1006 quoque
1623 962 1840 1006 supponat,
1877 960 2012 1006 gratia

353 1029 639 1064 ostendendae
686 1027 1008 1072 praedicationis
1045 1027 1199 1072 speciei
1238 1036 1289 1062 ea
1327 1026 1465 1062 induci
1504 1027 1653 1067 dicunt,
1689 1035 1771 1062 non
1812 1025 1921 1071 quod
1961 1034 2012 1061 ea

352 1093 658 1137 Porphyrius
681 1092 730 1128 de
754 1092 1090 1137 praedicamento
1107 1100 1201 1127 esse
1217 1091 1315 1127 velit
1335 1093 1426 1133 <ut>
1440 1093 1593 1136 partes.
1621 1090 1861 1126 Boethius
1878 1093 1891 1115 1
1910 1098 2010 1125 vero

353 1156 446 1191 ideo
489 1155 791 1200 specialissima
830 1155 927 1191 dicit
972 1156 1176 1195 extrema,
1217 1155 1326 1198 quod
1366 1154 1672 1198 quodammodo
1712 1155 1753 1190 et
1789 1152 2011 1189 individuis

353 1220 489 1265 posita
516 1220 607 1257 sint.
635 1219 731 1264 quia
757 1218 876 1263 plura
903 1218 1145 1254 contineant
1180 1227 1303 1262 quam
1337 1218 1500 1263 singula
1530 1217 1753 1258 individua,
1779 1226 1888 1261 quae
1914 1225 2012 1261 quo·
2033 1228 2066 1254 15
2108 1217 2113 1222 '

353 1284 572 1320 dammodo
613 1284 748 1328 posita
787 1285 881 1319 sunt
920 1283 1019 1318 nulli
1047 1284 1242 1327 quantum
1271 1282 1323 1318 ad
1357 1281 1705 1327 significationem
1742 1280 2012 1322 substantiae,

354 1349 449 1393 quia
476 1349 633 1385 scilicet
659 1348 770 1384 nulla
797 1349 1025 1392 sequuntur
1046 1348 1216 1392 propter
1235 1348 1427 1382 naturam
1449 1346 1708 1382 substantiae
1730 1345 2013 1381 demonstran-

354 1414 446 1450 dam
474 1414 643 1449 inventa
671 1413 838 1449 scilicet.
866 1422 957 1448 cum
984 1411 1197 1447 individua
1223 1413 1393 1457 propter
1421 1411 1684 1456 personalem
1719 1409 2012 1446 discretionem

353 1480 511 1514 tantum
539 1478 620 1514 sint
646 1477 848 1522 imposita.
899 1477 1018 1513 Unde
1045 1478 1132 1512 tota
1159 1476 1394 1512 substantia
1419 1475 1618 1512 individui
1644 1475 1708 1511 sui
1733 1474 1897 1520 species
1918 1473 2013 1510 dici—

353 1544 428 1584 tur,
456 1543 552 1587 quia
584 1542 742 1578 scilicet
778 1542 929 1577 nullam
956 1542 1021 1577 vel
1056 1543 1245 1577 naturam
1278 1541 1346 1576 vel
1377 1540 1552 1576 formam
1590 1539 1845 1576 individuum
1883 1539 2011 1580 notat,
2031 1549 2066 1575 20

354 1617 477 1652 quam
510 1607 674 1652 species
711 1616 793 1643 non
829 1606 1049 1642 contineat.
1100 1605 1211 1641 Nam
1237 1605 1622 1650 u(lenemlissz'mum.
1672 1603 1791 1640 Unde
1825 1604 2014 1640 extrema

353 1682 478 1708 unam
511 1674 667 1708 tantum
706 1672 861 1707 habent
898 1670 1192 1711 habitudinem,
1236 1670 1332 1715 quia
1377 1672 1460 1706 tam
1496 1669 1855 1715 generalissimum
1890 1677 2012 1713 quam

354 1737 707 1782 specialissimum.
758 1736 792 1772 A
819 1736 1014 1781 partibus.
1064 1735 1112 1771 Et
1137 1735 1312 1780 primum
1339 1734 1390 1770 de
1417 1733 1744 1780 generalissimis
1766 1732 1948 1769 ostendit
1973 1733 2014 1768 et

353 1803 501 1846 postea
522 1801 572 1837 de
595 1800 907 1846 specialissimis
938 1809 1190 1845 supponens.
1230 1799 1290 1835 De
1306 1798 1650 1844 generalissimis:
1677 1800 1713 1834 et
1741 1807 1877 1841 omne,
1903 1796 2013 1842 quod

355 1866 512 1902 scilicet
532 1875 664 1911 genus
686 1874 813 1910 supra
832 1874 877 1900 se
898 1874 981 1900 non
1002 1864 1166 1905 habeat,
1186 1873 1281 1899 crum
1302 1864 1356 1899 sit
1375 1872 1626 1908 supremum
1648 1863 1723 1898 310.
1774 1861 1856 1898 Cur
1874 1862 2012 1898 autem
2031 1870 2067 1896 25

354 1940 601 1976 supremum,
631 1930 778 1967 deinde
816 1929 1064 1975 aperiemus.
1115 1928 1195 1965 Sed
1229 1929 1359 1964 etiam
1396 1927 1734 1963 individuorum.
1785 1926 1891 1968 Dixi,
1918 1925 2013 1970 quia

354 1995 516 2040 species
542 2005 624 2031 non
660 1995 786 2031 habet
813 2004 905 2031 eam
933 1994 984 2030 de
1017 1994 1080 2029 1115
1115 1993 1435 2033 habitudinibus,
1471 2001 1578 2036 quae
1613 1993 1677 2028 est
1714 1991 1766 2027 ad
1804 1990 2012 2031 inferiora,

355 2061 430 2096 sed
455 2063 593 2097 tamen
621 2060 707 2106 [ad]
734 2060 1038 2096 individuorum
1060 2059 1185 2095 etiam
1206 2057 1508 2102 quodammodo
1535 2057 1681 2092 dicitur
1701 2056 1876 2101 species,
1903 2054 2012 2100 quod

355 2126 491 2161 statim
519 2125 776 2164 determinat.
803 2125 843 2161 id
870 2126 934 2160 est
961 2124 1177 2160 continens
1208 2122 1431 2158 individua.
1481 2121 1556 2157 Hic
1588 2121 1697 2157 enim
1733 2120 1899 2166 species
1930 2129 2012 2156 non

355 2192 419 2226 est
445 2192 651 2235 sumptum
679 2200 703 2225 a
730 2189 998 2234 specialitate,
1027 2197 1133 2232 quae
1162 2189 1252 2224 erat
1277 2196 1360 2223 una
1385 2186 1680 2227 habitudinum,
1717 2185 1822 2221 sicut
1848 2184 2012 2229 quando
2032 2197 2068 2223 30

355 2255 515 2291 dicitur:
544 2255 707 2300 species
735 2254 915 2300 generis,
942 2254 1017 2289 sed
1044 2254 1108 2289 est
1134 2253 1339 2297 sumptum
1367 2260 1392 2287 a
1418 2250 1684 2287 continentia.
1717 2249 2013 2286 Decea-minant

351 2319 735 2363 generalissimum.
788 2316 1131 2361 Quandoquidem
1168 2317 1357 2352 extrema
1394 2323 1518 2350 unam
1560 2313 1686 2349 habet
1720 2312 2013 2352 habitudinem,

354 2384 491 2419 media
516 2392 617 2418 vero
644 2383 759 2424 duas,
787 2391 886 2428 ergo
914 2380 1148 2427 philosophi
1175 2380 1457 2416 describentes
1491 2379 1680 2414 extrema
1705 2386 1829 2413 unam
1855 2377 2014 2413 tantum

355 2448 415 2484 315
442 2448 658 2493 assignant
683 2447 976 2487 habitudinem,
1003 2446 1150 2482 mediis
1177 2454 1278 2481 vero
1308 2444 1422 2480 duas.
1473 2443 1508 2479 A
1543 2451 1682 2479 causa.
1732 2442 1782 2478 Et
1817 2441 1933 2486 quod
1964 2440 2014 2476 de

351 2513 562 2557 pluribus.
601 2512 707 2548 Data
723 2511 963 2547 definitione
984 2509 1275 2555 specialissimi
1289 2508 1514 2545 secundum
1529 2507 1772 2543 relationem
1787 2496 2020 2551 superioris‘
2032 2514 2067 2540 35

354 2578 505 2623 repetit
536 2577 658 2613 aliam
692 2576 918 2612 secundum
945 2575 1240 2612 continentiam
1268 2573 1519 2609 inferiorum.
1569 2569 1640 2608 Ea‘
1663 2581 1760 2607 vero
1794 2571 1870 2607 etc.
1921 2570 2014 2606 Pro-

190 2299 325 2333 Boeth.

177 2356 210 2389 p.
227 2346 297 2379 21ss
312 2348 326 2369 ⁶

496 2752 514 2783 3
543 2750 695 2789 scilicet]
723 2750 787 2782 sed
813 2750 841 2782 A
943 2750 962 2781 5
990 2746 1060 2788 est]
1087 2749 1170 2780 sunt
1196 2747 1225 2780 A
1324 2746 1407 2778 9-10
1435 2746 1480 2779 ad
1507 2745 1819 2787 praedicationem
1844 2744 1875 2777 A
1908 2751 2014 2785 prae-

355 2811 508 2842 dicando
522 2810 570 2848 Ag
617 2819 639 2842 a
665 2808 953 2850 praedicandoL
1029 2808 1067 2839 11
1098 2805 1345 2847 supponatA2
1380 2804 1650 2845 superponatA
1727 2804 1769 2835 12
1798 2803 1917 2835 dicunt
1931 2801 2015 2839 A2L

354 2869 529 2901 deberent
544 2869 571 2901 A
643 2869 684 2900 13
701 2876 784 2900 3553
796 2867 877 2905 A2L
892 2875 963 2899 om.
978 2865 1009 2898 A
1081 2866 1121 2897 15
1144 2865 1328 2897 contineat
1347 2863 1376 2896 A
1430 2861 1539 2903 quae]
1560 2864 1596 2895 et
1610 2862 1640 2895 A
1717 2862 1759 2894 16
1780 2862 1954 2902 quantum
1967 2859 2014 2898 A2

356 2926 421 2966 (ῖῑῖ
444 2927 473 2958 A
563 2927 604 2958 17
632 2923 744 2965 nulla]
771 2926 806 2957 in
833 2925 895 2957 illa
913 2924 943 2956 A
1031 2924 1072 2956 22
1095 2924 1186 2964 post
1210 2923 1346 2954 habent
1367 2921 1498 2954 add.A
1525 2930 1547 2953 u
1598 2917 1721 2961 quam]
1749 2919 1835 2960 quia
1861 2918 1958 2959 quod
1982 2917 2013 2950 A

355 2987 397 3017 24
426 2994 614 3026 suppones
634 2985 662 3017 A
733 2984 776 3016 27
805 2984 850 3016 ab
876 2983 1050 3015 inferiora
1074 2982 1105 3014 A
1180 2982 1222 3013 28
1251 2981 1295 3013 ad
1317 2980 1434 3013 delevi
1453 2989 1521 3012 sec.
1545 2979 1670 3012 Boeth.
1745 2978 1788 3011 30
1815 2973 2015 3017 sumptum]

355 3044 440 3076 subi
462 3044 491 3076 A
514 3044 555 3076 cr.
579 3053 608 3075 zv.
625 3044 667 3075 31
724 3041 1014 3075 habitudinemA
1091 3041 1134 3072 35
1156 3036 1415 3080 specialissimi
1436 3036 1649 3077 secundum]
1670 3035 1948 3078 specialissimis
1967 3034 2010 3068 A.

496 3113 507 3135 ¹
535 3113 696 3151 Boeth.,
725 3114 768 3145 In
795 3112 933 3153 Porph.
961 3111 1016 3144 ed.
1043 3111 1081 3149 11,
1111 3110 1132 3143 l.
1161 3119 1199 3148 e„
1227 3118 1262 3150 p.
1290 3104 1486 3141 21511-15.
