2200 3387
575 231 604 261 2.
635 230 698 262 liie
727 230 881 261 (ilossen
912 238 953 260 zu
983 229 1050 260 den
1082 229 1315 267 Kategorien.
1351 248 1383 249 ’ν
1419 230 1656 261 l'rooemium.
1887 227 1952 261 115

284 326 444 362 ,lim-um
481 329 616 362 autem
653 327 703 362 ad
738 337 784 361 se
814 326 989 361 invicem
1019 325 1311 369 complexione
1340 326 1560 361 affirmatio
1587 327 1654 362 fit.
1690 327 1840 371 quippe
1871 336 1948 361 non

282 401 334 427 ex
364 392 498 428 rebus.
527 391 599 427 sed
630 402 681 427 ex
711 391 884 426 vocibus
911 391 1131 426 affirmatio
1161 391 1350 434 iungitur.
1405 391 1520 426 l'nde
1546 392 1680 435 potius
1704 395 1809 427 teste
1834 391 1951 427 Boe-

283 457 386 492 tliio
416 457 703 492 inscribendus
731 458 795 491 est
825 456 927 491 liber
954 456 1004 491 de
1033 456 1178 491 decem
1209 455 1569 500 praedicamentis.

426 521 471 557 lit
499 525 632 557 nota.
661 521 768 566 quod
794 521 870 556 boc
900 530 1048 556 nomen
1079 520 1456 565 praedicamentum
1482 521 1622 556 modo
1652 521 1952 566 simpliciter

282 587 493 632 accipitur.
530 587 670 622 modo
705 586 748 621 in
784 586 1103 621 collectione.
1157 586 1463 630 Simpliciter
1490 586 1654 630 quidem
1684 587 1884 630 accipitur
1913 587 1949 622 in

282 651 571 696 designatione
599 651 850 696 singulorum
881 650 1289 694 generalissimorum
1320 651 1434 686 iuxta
1465 651 1557 686 illud
1587 651 1781 686 Boetliii
1812 652 1847 686 in
1878 663 1952 686 se-

281 716 438 751 cundo
476 715 730 751 secundae
772 715 1014 750 editionis
1055 724 1206 759 super
1246 715 1611 760 l'orpliyrium':
1657 715 1951 751 ,Praediximus

281 781 331 816 ab
348 780 621 816 Aristotele
644 780 788 816 decem
813 780 1151 824 praedicamenta
1176 790 1271 816 esse
1295 780 1508 825 disposita.
1532 790 1638 824 quae
1662 780 1813 816 idcirco
1838 790 1952 825 prae-

281 845 514 881 dicamenta
533 848 744 881 vocantur.
776 845 871 889 quia
894 845 944 880 de
973 845 1123 881 ceteris
1149 845 1338 881 omnibus
1363 846 1676 890 praedicantur·
1719 846 1951 881 secundum
2010 890 2018 895 .

228 916 260 940 10
281 918 400 953 quam
435 909 557 944 etiam
593 909 879 953 acceptionem
916 909 1015 945 tituli
1051 909 1164 954 ponit
1198 909 1508 955 inscriptionem
1539 910 1589 945 de
1618 910 1762 945 decem
1793 909 1952 954 praedi-

279 974 492 1010 camentis.
551 974 809 1009 Collectim
850 983 949 1009 vero
989 974 1026 1009 in
1066 974 1353 1019 designatione
1392 972 1611 1010 cuiuslibet
1646 975 1951 1019 generalissimi

279 1049 368 1075 cum
399 1039 590 1074 omnibus
618 1039 695 1075 sibi
723 1039 949 1084 suppositis
977 1040 1201 1085 generibus
1230 1043 1270 1075 et
1297 1040 1520 1084 speciebus
1548 1040 1626 1076 hoe
1656 1050 1806 1076 nomen
1837 1050 1951 1085 prae.-

279 1104 556 1141 dicamentum
593 1104 898 1149 Porphyrius
933 1105 1094 1149 accepit
1131 1105 1274 1141 dicens
1296 1110 1320 1140 ·-’ῑ
1362 1105 1414 1142 ,ln
1454 1115 1703 1151 unoquoque
1742 1106 1953 1151 praedica-

280 1172 418 1205 mento
446 1172 542 1205 sunt
569 1170 773 1214 quaedam
801 1170 1118 1215 generalissima
1146 1173 1233 1206 ete.·

228 1247 259 1271 if»
421 1234 520 1271 Cum
549 1238 687 1271 autem
717 1234 755 1270 in
785 1235 1031 1271 collectione
1061 1235 1138 1271 lioc
1166 1246 1317 1272 nomen
1353 1237 1735 1281 praedicamentum
1770 1237 1951 1273 sumitur.

280 1300 454 1345 quaeri
482 1300 630 1336 solet.
666 1303 824 1336 utrum
858 1310 1028 1336 omnes
1064 1301 1320 1346 simplices
1348 1312 1607 1338 sermones
1636 1303 1782 1338 etiam
1812 1312 1952 1347 prae-

280 1365 528 1402 dicabiles
557 1366 828 1402 secundum
856 1366 1071 1411 aliquam
1102 1376 1237 1403 suam
1265 1367 1693 1413 significationem
1719 1368 1762 1403 in
1786 1369 1951 1413 aliquo

279 1430 379 1467 sint
401 1431 824 1476 praedicamento.
868 1431 931 1467 De
948 1441 1041 1476 quo
1063 1432 1259 1476 quidem
1283 1433 1516 1469 diversae
1539 1435 1651 1469 sunt
1673 1433 1951 1478 opiniones.

280 1496 373 1532 Alii
401 1506 579 1541 namque
607 1497 646 1532 in
675 1496 1015 1541 praedicamento
1044 1498 1335 1534 substantialia
1363 1499 1519 1534 tantum
1549 1499 1751 1535 vocabula
1783 1503 1950 1544 ponunt.

225 1567 259 1592 20
279 1571 386 1606 quae
424 1562 581 1598 scilicet
615 1571 700 1598 rern
736 1561 963 1598 subiectam
999 1562 1039 1598 in
1074 1563 1261 1599 essentia
1294 1563 1518 1601 nominant.
1554 1566 1596 1599 ut
1624 1564 1757 1601 bomo.
1790 1565 1951 1601 albedo.

279 1627 442 1664 animal.
475 1627 600 1663 color.
654 1627 747 1663 Alii
782 1627 905 1663 etiam
941 1630 1103 1672 sumpta
1139 1628 1178 1664 in
1213 1629 1553 1673 praedicamento
1591 1639 1686 1666 esse
1721 1630 1863 1666 volunt
1890 1640 1952 1666 se-

279 1692 456 1728 eundum
480 1692 747 1737 principalem
771 1692 1120 1738 significationem
1145 1694 1194 1730 de
1217 1694 1349 1730 forma
1370 1695 1590 1731 adiacente
1613 1697 1653 1731 et
1674 1698 1756 1732 tam
1780 1696 1949 1732 albedo·

280 1767 400 1802 quam
431 1758 588 1794 ,albuni
620 1758 657 1793 in
687 1757 1027 1802 praedicamento
1056 1759 1266 1803 qualitatis
1289 1763 1457 1804 ponunt.
1486 1760 1581 1805 quia
1604 1762 1820 1805 utrumque
1843 1762 1951 1797 albe-

279 1823 416 1859 dinem
445 1823 651 1868 signit'ieat
679 1823 772 1859 licet
801 1823 974 1859 diversis
1002 1824 1144 1860 modis
1174 1824 1267 1860 illud
1297 1825 1460 1870 quidem
1492 1826 1530 1861 in
1553 1826 1748 1862 essentia.
1777 1827 1882 1862 istud
1912 1827 1949 1862 in

224 1896 258 1921 25
279 1888 524 1924 adiacentia.
577 1887 657 1925 Sed
694 1889 760 1933 qui
796 1898 938 1924 eorum
974 1898 1117 1925 verum
1155 1890 1303 1926 dicant.
1342 1890 1515 1927 definire
1551 1892 1833 1928 necessarium
1868 1902 1948 1927 non

279 1957 342 1990 est
370 1964 447 1990 nec
475 1954 594 1990 aliter
621 1964 851 1999 possumus.
889 1954 967 1990 nisi
1002 1955 1252 1991 noverimus.
1287 1956 1383 2001 quid
1418 1966 1492 2001 per
1525 1966 1631 1993 esse
1666 1957 1703 1992 in
1740 1957 1950 2002 praedica-

278 2021 428 2055 mento·
462 2019 624 2064 utrique
653 2020 780 2056 velint
806 2019 1011 2065 accipere.
1064 2020 1106 2057 Si
1133 2021 1241 2057 enim
1281 2031 1390 2059 ‚esse
1419 2022 1458 2057 in
1488 2022 1826 2067 praedicamento
1855 2033 1951 2067 qua-

278 2085 412 2121 litatis·
435 2085 533 2121 nibil
556 2085 664 2121 aliud
687 2088 751 2121 est
771 2094 894 2130 quam
919 2087 1170 2130 ,qualitatem
1193 2087 1454 2133 significare.
1478 2088 1664 2132 profecto
1688 2090 1767 2124 tam
1790 2089 1948 2125 album·

277 2160 399 2195 quam
429 2151 600 2188 ‚albedo‘
630 2151 840 2196 qualitatis
868 2152 907 2187 in
937 2152 1276 2196 praedicamento
1305 2155 1379 2189 est.

223 2223 258 2245 :w
420 2215 500 2251 Sed
534 2215 714 2251 fortasse
749 2215 917 2253 dicetur.
953 2217 1049 2261 quia
1083 2217 1242 2253 album*
1278 2228 1443 2263 quoque
1478 2219 1750 2255 substantiam
1782 2229 1855 2263 per
1882 2229 1950 2255 no-

279 2280 546 2317 minati0nem
576 2281 793 2326 significat.
831 2283 871 2317 et
900 2282 1044 2318 .l10mo‘
1074 2283 1139 2319 vel
1168 2283 1343 2320 ,animal
1379 2284 1618 2329 qualitatem
1648 2294 1812 2329 quoque
1840 2285 1950 2321 circa

279 2346 551 2382 substantiam
581 2346 868 2382 determinant.
924 2346 1040 2383 Unde
1069 2350 1108 2383 et
1138 2348 1283 2385 ,homo‘
1313 2349 1351 2384 in
1379 2349 1718 2394 praedicamento
1741 2350 1949 2394 qualitatis

280 2412 456 2454 ponetur
488 2414 529 2447 et
563 2411 721 2451 ,album
757 2412 794 2447 in
831 2412 1170 2457 praedicamento
1205 2414 1476 2450 substantiae.
1536 2407 1617 2450 Sed
1645 2415 1803 2451 dicitur.
1840 2415 1948 2460 quod

279 2476 444 2520 quando
478 2476 678 2523 contingit
713 2477 819 2512 idem
848 2478 1095 2514 vocabulum
1131 2488 1198 2515 res
1227 2479 1485 2515 diversorum
1516 2480 1947 2525 praedicamentorum

225 2549 258 2572 ³5·
280 2540 528 2586 significare.
566 2542 794 2578 secundum
832 2543 1098 2588 principalem
1140 2544 1488 2589 significationem
1531 2545 1568 2581 in
1611 2546 1948 2590 praedicamento

280 2606 514 2650 ponendum
538 2610 612 2644 est,
635 2610 677 2643 ut
697 2608 834 2643 album
856 2609 966 2653 quod
989 2609 1224 2645 albedinem
1245 2610 1528 2655 principaliter
1542 2610 1758 2655 significat.
1781 2614 1950 2656 propter

279 2679 401 2715 quam
439 2671 617 2708 maxime
655 2675 863 2717 repertum
902 2676 965 2710 est
1015 2676 1140 2719 atque
1179 2675 1330 2720 ubique
1368 2685 1459 2711 eam
1500 2679 1623 2712 tenet.
1664 2686 1785 2721 quam
1824 2677 1946 2712 etiam

281 2735 521 2779 praedicare
555 2737 712 2773 dicitur.
765 2738 815 2773 At
849 2748 948 2775 vero
984 2739 1016 2775 si
1051 2740 1104 2775 ad
1133 2740 1401 2785 principalem
1431 2741 1775 2786 significationem
1805 2751 1947 2777 secun-

280 2800 371 2836 dum
390 2809 558 2837 causam
576 2802 849 2847 impositionis
866 2804 1122 2849 respicimus.
1146 2805 1213 2841 uni
1234 2806 1572 2850 praedicamento
1596 2809 1789 2851 poterunt
1811 2807 1947 2842 omnia

225 2873 259 2896 iu
280 2865 456 2909 supponi
497 2867 724 2903 seeundum
765 2868 1113 2913 significationem
1155 2870 1398 2907 intellectus.
1445 2881 1552 2915 quae
1594 2871 1832 2916 principalis
1872 2875 1945 2908 est.

421 2988 463 3018 25
492 2987 588 3019 dicat
615 2988 641 3019 A
743 2990 781 3020 :31
814 2988 863 3028 etl
892 2990 924 3021 in
954 2991 979 3022 Α
1083 2993 1125 3022 :tii
1155 2990 1266 3031 quod]
1289 2992 1373 3032 quia
1406 2994 1429 3022 ,1

423 3058 430 3079 ¹
462 3059 618 3093 Boetli..
651 3060 690 3091 lu
722 3059 857 3101 Pet-ple.
885 3062 940 3094 ed.
969 3062 994 3094 ll
1023 3063 1044 3094 I.
1073 3073 1112 3098 e..
1143 3073 1174 3103 p.
1204 3060 1364 3095 2071-3.

419 3118 433 3138 ”-’
462 3118 606 3149 Roetb.
637 3118 658 3149 I.
688 3129 725 3152 r..
763 3128 794 3158 p.
823 3119 948 3152 2051'2:
989 3122 1031 3153 rr.
1058 3131 1179 3162 supra
1209 3122 1245 3153 ιή
1282 3122 1428 3154 {ilos-sis
1461 3133 1576 3163 supet·
1606 3123 1751 3164 Vnt-ph..
1787 3134 1817 3164 p.
1849 3124 1944 3156 47²⁸.
