2200 3387
188 922 220 947 lo

185 1254 218 1279 15

186 1579 220 1605 20

184 1905 219 1931 25

183 2230 218 2255 30

185 2567 220 2593 35

186 2892 221 2917 40

432 234 462 266 2.
492 234 558 266 Die
585 233 742 266 Glossen
771 240 814 263 zu
841 231 910 264 den
940 232 1175 273 Kategorien.
1204 252 1247 256 —
1277 234 1328 267 De
1356 237 1554 276 speciebus
1582 240 1710 270 motus.
1851 237 1919 272 297

240 330 676 368 praedicamentorum
702 330 753 366 ad
792 329 1138 366 introductionem
1168 335 1451 376 praeparatur.
1481 333 1712 371 distinctius
1749 336 1916 381 species

240 398 375 432 motus
404 396 581 441 propriis
603 395 840 432 nominibus
863 394 1078 431 distribuit.
1116 395 1192 435 Qui
1221 396 1385 441 quidem
1417 408 1492 442 per
1526 400 1841 443 generationem
1877 403 1917 437 ct

240 461 550 506 corruptionem
588 470 753 496 omnem
783 462 936 496 motum
970 460 1196 496 secundum
1226 461 1501 498 substantiam
1530 464 1690 509 accipit.
1726 465 1919 510 quotiens

241 526 400 562 scilicet
427 535 495 562 res
524 526 734 571 quaelibet
761 525 1088 561 substantialiter
1115 528 1384 570 permutatur.
1422 528 1647 572 specialem
1676 532 1824 566 statum
1855 531 1920 567 vel

239 591 480 636 relinquens
497 591 560 627 vel
577 600 811 629 assumens,
833 600 907 635 per
928 592 1194 635 augmentum
1218 600 1318 626 vero
1332 592 1742 631 <et2>decrementum
1766 598 1919 632 motum

240 655 467 691 secundum
479 655 750 700 quantitatem
765 656 805 690 et
820 653 1095 699 capacitatem
1112 663 1278 690 massae
1293 655 1353 691 rei
1368 656 1528 701 accipit,
1545 658 1915 701 peralterationem

240 729 341 755 vero
370 722 524 756 motum
546 720 771 756 secundum
796 719 1048 764 qualitatem,
1073 719 1110 754 id
1134 721 1196 755 est
1218 721 1446 757 secundum
1469 722 1694 766 quamlibet
1715 724 1919 760 actualem

239 783 426 820 sormam.
479 784 630 821 Motum
660 794 761 821 vero
789 783 1017 820 secundum
1053 784 1187 820 locum
1222 785 1262 821 in
1292 795 1342 821 eo
1383 786 1534 831 accipit
1561 788 1670 832 quod
1707 788 1800 825 loca
1832 798 1922 834 per-

240 851 456 885 mutamus.

382 919 498 956 Nunc
513 922 649 956 autem
667 920 923 965 singularum
939 919 1170 965 specierum
1188 922 1358 957 naturas
1381 921 1600 967 diligenter
1621 924 1921 969 perquiramus.

240 982 562 1019 Generationem
580 983 990 1019 autemBoetbius¹
1010 986 1133 1020 vocat
1149 984 1381 1029 ingressum
1398 985 1437 1021 in
1455 987 1742 1027 substantiam,
1756 989 1921 1033 quando

238 1047 434 1084 videlicet
461 1049 675 1094 quodlibet
702 1058 853 1094 corpus
882 1059 1034 1085 novum
1064 1050 1298 1094 specierum
1328 1052 1479 1087 statum
1509 1052 1693 1094 assumit,
1721 1055 1764 1089 ut
1786 1053 1821 1089 si
1842 1054 1921 1090 hoc

238 1113 507 1150 inanimatum
535 1113 608 1150 fiat
636 1123 787 1159 corpus
809 1114 1036 1150 animatum
1056 1116 1122 1151 vel
1149 1115 1301 1151 animal
1322 1116 1387 1152 vel
1415 1116 1550 1153 homo.
1603 1117 1920 1164 Corruptionem

238 1188 340 1215 vero
362 1179 545 1224 appellat
567 1189 784 1225 egressum
806 1189 831 1215 a
851 1180 1096 1216 substantia.
1144 1180 1256 1217 Sicut
1271 1181 1380 1217 enim
1396 1184 1633 1227 generatur,
1650 1184 1744 1219 dum
1767 1194 1921 1220 novum

239 1243 398 1288 speciei
424 1244 576 1280 statum
609 1244 794 1285 assumit,
833 1244 888 1280 ita
922 1244 1046 1280 etiam
1083 1245 1370 1290 corrumpitur,
1404 1246 1496 1282 dum
1535 1248 1713 1283 eundem
1753 1248 1918 1285 deserit.

238 1297 286 1344 E't
314 1309 509 1345 videntur
535 1309 575 1345 in
603 1310 750 1345 eodem
787 1319 884 1345 esse
911 1310 1129 1355 generatio
1164 1312 1205 1346 et
1240 1311 1463 1356 corruptio.
1500 1312 1596 1349 licet
1631 1322 1683 1349 ea
1719 1314 1828 1350 dicat
1865 1314 1921 1350 in-

239 1373 375 1410 vicem
403 1375 623 1411 contraria.
676 1374 831 1412 Eodem
861 1385 1040 1420 namque
1069 1378 1257 1421 tempore
1286 1387 1366 1422 quo
1395 1377 1473 1414 hoc
1500 1388 1652 1423 corpus
1689 1379 1921 1425 ingreditur

238 1441 427 1476 naturam
455 1440 625 1476 animati
653 1441 851 1486 corporis,
880 1441 1092 1487 egreditur
1119 1443 1310 1478 naturam
1331 1442 1559 1482 inanimati.
1587 1444 1771 1490 alioquin
1793 1446 1920 1491 quod-

239 1503 332 1540 dam
361 1505 525 1550 tempus
560 1506 675 1541 esset
711 1505 751 1540 in
787 1514 867 1549 quo
902 1514 980 1541 nec
1017 1505 1243 1542 animatum
1280 1516 1359 1542 nec
1394 1507 1677 1544 inanimatum.
1730 1508 1772 1546 Si
1800 1509 1920 1550 enim,

241 1569 291 1603 ut
325 1568 519 1612 quidam
557 1568 732 1609 voluit,
770 1571 992 1614 postquam
1030 1579 1247 1616 egressum
1285 1572 1349 1607 est
1385 1571 1612 1608 animatum
1647 1572 1919 1610 inanimatum

239 1632 501 1680 [inanimati],
529 1634 626 1670 tunc
652 1634 882 1680 ingreditur
908 1635 1182 1671 substantiam
1211 1636 1394 1678 animati,
1432 1637 1619 1682 profecto
1647 1638 1830 1675 nondum
1859 1641 1922 1676 est

238 1698 476 1740 animatum.
505 1699 615 1744 quod
643 1700 778 1736 adhuc
804 1700 861 1742 fit,
890 1710 968 1737 nec
995 1701 1131 1737 adhuc
1158 1700 1214 1737 ibi
1241 1703 1306 1738 est
1333 1712 1414 1748 quo
1448 1703 1688 1749 ingreditur.
1741 1704 1783 1741 Si
1811 1705 1920 1741 enim

239 1763 319 1800 iam
341 1764 567 1801 animatum
589 1766 714 1806 esset,
736 1765 873 1811 potius
896 1766 1078 1811 quietem
1101 1768 1330 1803 secundum
1353 1768 1579 1805 animatum
1601 1769 1776 1806 haberet
1796 1780 1919 1815 quam

238 1831 406 1865 motum.
457 1829 576 1867 Unde
621 1832 757 1876 potius
797 1831 946 1868 eodem
986 1833 1174 1877 tempore
1211 1833 1529 1879 generationem
1569 1835 1838 1872 concedimus
1879 1837 1919 1872 et

240 1893 550 1939 corruptionem
576 1894 617 1930 in
646 1895 794 1931 eodem
823 1904 931 1937 esse,
967 1896 1074 1932 sicut
1105 1897 1423 1942 generationem
1460 1898 1631 1935 animati
1665 1899 1850 1945 corporis
1880 1903 1921 1937 et

237 1959 546 2004 corruptionem
574 1959 801 2001 inanimati,
829 1961 926 2007 quia
948 1961 1098 1998 eodem
1125 1963 1314 2008 tempore
1340 1972 1420 2008 quo
1449 1963 1606 2000 deserit
1633 1964 1742 2003 illud.
1771 1965 1919 2011 recipit

236 2024 345 2065 illud,
374 2024 470 2070 quia
497 2025 650 2061 nullum
680 2028 744 2062 est
770 2026 963 2063 medIum.
1016 2027 1152 2064 Veluti
1180 2028 1214 2064 si
1242 2028 1334 2073 quis
1362 2029 1583 2066 continuas
1603 2031 1738 2066 terras
1759 2040 1920 2076 peram—

237 2089 360 2131 bulet,
389 2090 508 2126 simul
536 2089 656 2127 istam
685 2091 896 2137 egreditur
923 2094 965 2128 et
1000 2092 1112 2129 illam
1147 2093 1387 2139 ingreditur,
1415 2095 1537 2140 quasi
1572 2095 1685 2131 nulla
1724 2095 1775 2132 sit
1811 2096 1920 2132 inter

236 2156 370 2192 terras
399 2155 524 2201 spatii
549 2156 757 2198 distantia,
786 2166 986 2204 egressus
1013 2158 1096 2194 iam
1118 2159 1169 2195 de
1196 2159 1276 2195 hac
1303 2161 1416 2196 terra
1443 2169 1526 2196 non
1555 2160 1784 2207 ingreditur
1810 2161 1921 2198 illam

237 2220 279 2256 in
306 2230 389 2266 qua
414 2221 495 2257 iam
524 2223 599 2262 est,
627 2222 703 2258 sed
730 2222 812 2259 iam
849 2224 1094 2260 necessario
1131 2224 1344 2270 ingressus
1378 2227 1443 2262 est
1480 2235 1585 2267 eam,
1622 2226 1691 2262 ubi
1728 2236 1921 2273 egressus

240 2287 305 2322 est
330 2285 463 2326 istam.
492 2288 533 2322 et
559 2286 666 2323 sicut
692 2287 774 2323 iam
802 2289 865 2324 est
891 2288 1120 2335 ingressus,
1149 2289 1244 2325 dum
1267 2292 1332 2326 est
1353 2300 1561 2337 egressus,
1589 2291 1646 2328 ita
1666 2292 1920 2338 ingrediens,

241 2350 336 2386 dum
363 2351 597 2397 egrediens.

384 2419 465 2457 Sed
487 2420 584 2466 quid
600 2421 798 2463 dicemus,
826 2424 935 2467 quod
958 2424 1168 2461 contraria
1189 2425 1309 2461 simul
1331 2434 1424 2462 esse
1446 2426 1676 2472 contingit?
1726 2427 1787 2463 Ad
1810 2428 1918 2472 quod

241 2485 626 2531 respondemus,
654 2487 764 2532 quod
790 2489 1008 2534 generatio
1037 2491 1078 2525 et
1105 2490 1316 2535 corruptio
1339 2491 1445 2527 sicut
1466 2491 1596 2527 virtus
1625 2494 1666 2528 et
1686 2492 1828 2529 vitium
1854 2493 1920 2529 vel

242 2553 378 2587 motus
395 2553 436 2587 et
448 2551 567 2596 quies
583 2553 793 2589 contraria
809 2553 1002 2590 dicuntur
1017 2564 1175 2601 genera
1196 2565 1278 2592 non
1301 2556 1340 2591 in
1357 2566 1414 2597 se,
1429 2557 1502 2593 sed
1520 2565 1594 2602 per
1610 2557 1919 2594 adiunctionem

240 2616 542 2653 contrariarum
565 2617 812 2662 specierum,
834 2628 941 2664 quae
964 2620 1129 2665 species
1149 2621 1317 2666 proprie
1340 2622 1575 2658 contrarIae
1589 2622 1788 2661 dicuntur.
1811 2623 1917 2659 sicut

240 2681 456 2728 generatio
497 2684 539 2718 et
576 2683 785 2728 corruptio
827 2684 998 2721 animati
1039 2687 1080 2722 et
1118 2686 1337 2732 generatio
1378 2687 1594 2724 inanimati
1630 2690 1670 2724 et
1709 2688 1919 2733 corruptio

241 2747 440 2788 eiusdem,
469 2756 576 2792 quae
604 2748 764 2784 scilicet
790 2750 901 2786 nullo
923 2751 1046 2787 modo
1074 2751 1115 2787 in
1138 2751 1286 2787 eodem
1310 2761 1405 2788 esse
1427 2754 1614 2797 possunt,
1643 2753 1740 2798 quia
1761 2754 1919 2789 tantum

240 2821 308 2848 res
324 2811 432 2848 inter
446 2822 492 2848 se
508 2812 733 2853 continent.
747 2815 964 2859 generatio
982 2825 1083 2851 vero
1104 2816 1276 2852 animati
1298 2819 1339 2852 et
1360 2817 1548 2861 corporis
1570 2817 1785 2853 inanimati
1807 2818 1917 2854 nullo

241 2878 364 2914 modo
393 2879 489 2913 sunt
516 2878 725 2914 contraria
752 2879 930 2925 ideoque
958 2880 998 2917 in
1027 2880 1176 2917 eodem
1201 2881 1319 2917 simul
1343 2881 1571 2926 persistere
1593 2881 1709 2928 [non]
1732 2885 1917 2927 possunt.

385 2948 662 2985 Notandum
690 2959 803 2991 vero,
832 2951 940 2996 quod
970 2951 1047 2988 iste
1076 2953 1212 2988 motus
1233 2952 1491 2988 substantIae
1514 2952 1581 2997 qui
1611 2953 1828 2998 generatio
1850 2953 1916 2990 vel

386 3076 404 3107 8
433 3077 552 3108 motus
578 3075 607 3108 A
717 3076 760 3109 30
789 3075 979 3118 egressus]
1007 3078 1199 3119 ingressus
1228 3079 1255 3110 Α
1330 3079 1373 3110 :32
1402 3076 1612 3119 egrediens]
1640 3078 1850 3120 ingrediens
1876 3078 1918 3111 Α.

386 3139 396 3161 ¹
425 3140 575 3173 Boeth.
605 3140 626 3173 l.
655 3150 694 3178 c.,
723 3150 756 3182 p.
784 3142 851 3175 290
868 3142 908 3175 Α.
