2200 3387
391 237 422 274 2.
450 238 516 273 Dle
543 238 700 273 Glossen
727 248 772 273 zu
799 237 869 273 den
896 238 1132 280 Kategorlen.
1161 258 1203 262 ——
1233 238 1285 273 Dc
1313 239 1412 281 quali
1440 242 1476 273 et
1503 240 1692 281 qualitate.
1846 237 1915 273 239

381 336 657 374 Continuatio.
720 336 804 374 Ista
841 336 1083 382 supradicta
1118 339 1216 373 sunt
1251 337 1535 374 indubitanter
1571 338 1806 383 qualitates,
1843 338 1917 375 sed
1946 309 2112 401 3⁰2?ss

237 403 388 440 raritas
417 404 458 439 et
484 402 714 448 spissitudo
742 404 783 439 et
810 404 953 438 cetera
980 411 1071 439 cum
1101 403 1323 447 qualitates
1353 405 1436 438 tum
1459 404 1691 448 positiones
1713 403 1915 440 videntur.

236 467 337 505 Cum
365 470 505 505 autem
533 468 572 504 id
601 468 652 504 de
679 468 804 504 rebus
831 467 1019 503 intendat
1047 468 1284 506 ostendere.
1323 468 1521 504 transfert
1557 478 1603 504 se
1632 469 1683 504 ad
1712 469 1916 505 vocabula

236 533 396 570 dicens:
426 532 540 570 Haec
568 533 784 574 vocabula,
813 542 951 569 rarum
974 534 1062 572 010..
1084 533 1278 569 videntur
1300 533 1541 577 significare
1563 534 1797 578 qualitates,
1820 534 1917 579 quia

198 600 215 625 ⁵
235 607 372 643 aeque
400 597 523 638 valet,
552 607 601 633 ac
629 597 663 633 si
692 597 848 633 diceret
875 606 943 633 res
972 597 1024 633 ab
1053 597 1115 633 eis
1143 597 1403 643 significatas
1432 606 1527 633 esse
1556 597 1790 642 qualitates.
1837 598 1918 633 Sed

235 663 394 699 aliena.
446 662 540 698 Dixi
568 662 678 708 quod
705 662 901 699 videntur
927 662 1168 708 significare
1196 663 1432 707 qualitates.
1472 662 1547 698 sed
1575 663 1722 699 iterum
1751 672 1833 699 non
1863 663 1917 698 vi-

237 727 386 764 dentur
406 726 646 773 significare
666 727 901 772 qualitates.
947 726 995 762 Et
1015 727 1094 763 hoc
1116 728 1197 763 est:
1220 726 1301 763 Sed
1323 736 1467 763 rursus
1490 727 1726 763 huiusmodi
1748 728 1918 763 nomina

236 792 465 829 secundum
518 792 868 839 significationem
921 801 1039 828 suam
1080 794 1277 837 putantur
1323 801 1419 828 esse
1459 792 1599 828 aliena
1646 802 1671 828 a
1711 792 1916 829 divisione

236 858 459 904 qualitatis,
486 858 565 895 1100
593 860 762 894 08111011
790 858 1029 904 significare
1057 867 1144 901 rem
1173 858 1353 903 aliquam
1382 867 1489 903 quae
1518 858 1558 894 in
1587 858 1792 894 divisione
1821 868 1918 903 qua-

184 926 216 951 10
236 923 364 960 litatis
405 924 796 969 comprehendatur,
837 933 886 960 ac
929 924 964 960 si
998 923 1108 960 dicat
1152 933 1235 960 non
1284 923 1524 970 significare
1564 924 1818 969 qualitatem.
1870 924 1919 960 Et

236 999 367 1035 quare
402 990 624 1026 videantur
660 999 742 1026 non
784 989 1024 1035 significare
1061 989 1315 1035 qualitatem,
1365 990 1562 1035 supponit
1600 999 1783 1030 causam,
1821 990 1919 1034 quia

236 1054 375 1100 potius
408 1053 660 1099 positionem
695 1053 890 1090 videntur
922 1055 1169 1095 monstrare,
1202 1053 1242 1090 id
1275 1055 1340 1090 est
1374 1054 1631 1100 significare;
1665 1054 1917 1099 positionem

236 1119 328 1156 dico
368 1119 545 1165 partium
582 1118 842 1156 fundamenti
889 1119 1095 1165 utrimque
1132 1121 1411 1165 acceptarum,
1457 1119 1497 1156 id
1543 1121 1607 1156 est
1647 1129 1701 1156 ex
1740 1119 1917 1156 diversis

236 1184 338 1221 locis
371 1185 687 1222 intellectarum.
739 1184 953 1225 Videntur,
993 1184 1172 1230 inquam,
1213 1186 1448 1221 monstrare
1489 1185 1806 1230 quodammodo,
1843 1194 1917 1230 pro

184 1253 216 1278 1⁵
238 1259 289 1287 eo
317 1250 477 1287 scilicet
503 1250 614 1296 quod
641 1250 863 1296 qualitates
892 1250 1150 1296 significatas
1178 1259 1346 1296 semper
1372 1252 1515 1287 certae
1542 1250 1774 1296 positiones
1797 1250 1919 1287 comi-

237 1317 387 1352 tentur.
440 1315 559 1357 Quod
597 1316 765 1361 quidem
798 1315 938 1352 statim
976 1315 1190 1362 distinguit
1230 1315 1374 1352 dicens
1411 1315 1566 1361 aliquid
1603 1316 1783 1361 spissum
1821 1325 1918 1352 esse

238 1382 467 1418 secundum
501 1381 609 1418 hanc
642 1381 893 1427 positionem
930 1381 1120 1426 partium,
1158 1381 1268 1426 quod
1305 1381 1384 1417 sibi
1422 1381 1639 1426 proximae
1680 1383 1786 1423 sunt,
1826 1390 1918 1417 cum

238 1449 378 1484 tamen
406 1447 517 1484 aliud
544 1447 598 1484 sit
624 1447 848 1493 spissitudo
883 1446 1009 1483 totius
1037 1456 1162 1492 quam
1194 1447 1371 1492 partium
1399 1447 1563 1492 positio.
1614 1446 1662 1483 Et
1689 1447 1918 1483 secundum

237 1513 316 1550 hoc
344 1513 454 1559 quod
481 1513 617 1559 spatio
645 1513 801 1549 distant
828 1512 880 1549 ab
916 1512 1095 1549 invicem
1131 1514 1275 1558 partes
1312 1512 1489 1549 subiecti
1525 1514 1566 1549 et
1602 1512 1791 1549 similiter
1826 1513 1918 1555 alia,

183 1587 218 1612 20
238 1580 376 1615 certas
404 1578 578 1624 exigunt
604 1578 848 1624 positiones.
899 1578 949 1614 Et
975 1578 1163 1614 sortasse.
1215 1577 1420 1623 Expedita
1448 1577 1654 1614 divisione
1677 1578 1919 1623 qualitatum

237 1653 313 1690 per
339 1646 518 1690 quatuor
544 1644 767 1686 manerias,
804 1653 857 1680 ne
892 1644 983 1689 quis
1019 1645 1137 1690 putet
1171 1644 1213 1680 in
1249 1644 1327 1681 illis
1365 1645 1544 1690 quatuor
1580 1654 1727 1681 omnes
1765 1644 1920 1681 includi

238 1710 470 1756 qualitates,
508 1710 606 1747 dicit
638 1711 808 1756 praeter
840 1709 932 1746 illos
959 1710 1119 1751 modos,
1146 1710 1187 1747 id
1216 1711 1279 1746 est
1305 1710 1396 1746 illas
1424 1710 1648 1752 manerias,
1677 1710 1918 1755 qualitatum

237 1774 420 1812 fortasse
436 1775 540 1812 alias
555 1784 772 1821 apparere.
825 1774 908 1811 Sed
925 1775 1005 1812 hae
1027 1777 1124 1811 sunt
1144 1775 1239 1812 illae
1261 1785 1369 1821 quae
1391 1776 1572 1812 maxime
1594 1776 1763 1812 tractari
1784 1775 1920 1812 solent

240 1842 281 1877 et
307 1850 416 1886 quae
443 1841 577 1887 magis
606 1843 702 1877 sunt
728 1841 920 1877 usitatae.
973 1841 1190 1877 Attende
1218 1841 1356 1883 etiam,
1384 1841 1494 1886 quod
1528 1841 1568 1877 in
1604 1841 1684 1877 hoc
1717 1841 1827 1886 quod
1863 1841 1921 1877 ait

184 1912 219 1937 2⁵
239 1906 343 1943 alios
370 1916 465 1943 esse
494 1907 640 1943 modos
669 1906 890 1952 qualitatis,
927 1906 1164 1952 praemunit
1197 1916 1244 1943 se
1279 1907 1329 1943 de
1367 1916 1418 1943 eo
1446 1907 1557 1952 quod
1584 1906 1710 1943 sentit
1736 1907 1788 1943 de
1824 1915 1919 1942 raro

239 1972 281 2007 et
307 1971 445 2017 spisso
474 1973 515 2008 et
542 1980 694 2017 aspero
723 1971 764 2007 et
789 1971 884 2012 leni,
912 1980 1021 2016 quae
1049 1971 1271 2016 qualitates
1299 1980 1393 2008 esse
1414 1971 1572 2016 recipit,
1600 1971 1696 2007 licet
1716 1971 1756 2007 in
1778 1980 1921 2016 supra-

240 2034 351 2072 dicta
377 2035 582 2072 divisione
610 2045 694 2072 non
721 2034 978 2077 claudantur,
1006 2035 1189 2080 alioquin
1216 2035 1297 2072 nisi
1322 2036 1402 2072 hoc
1423 2035 1610 2076 dixisset,
1639 2037 1922 2081 opponeretur

239 2101 346 2139 haec
371 2110 456 2138 non
489 2110 584 2138 esse
618 2101 853 2147 qualitates,
887 2100 985 2146 quia
1020 2100 1061 2137 in
1100 2101 1307 2137 divisione
1345 2101 1580 2147 praemissa
1619 2110 1702 2137 non
1735 2110 1922 2147 compre-

238 2166 488 2209 henduntur,
524 2167 630 2203 sicut
665 2166 819 2203 multae
856 2166 964 2203 aliae
993 2166 1213 2212 qualitates
1251 2166 1306 2203 ibi
1342 2167 1618 2207 continentur,
1658 2168 1702 2203 ut
1738 2166 1920 2203 fortasse

185 2239 221 2265 so
241 2241 388 2268 omnes
404 2231 667 2268 differentiae
684 2231 996 2273 substantiales,
1012 2231 1089 2271 nisi
1105 2231 1195 2277 quis
1210 2231 1469 2267 dulcedinem
1484 2231 1593 2268 melli
1605 2231 1920 2268 substantialem

240 2306 338 2334 esse
367 2297 488 2338 dicat,
516 2306 623 2342 quae
651 2296 693 2333 in
714 2296 806 2342 ipso
829 2298 893 2333 est
913 2296 1125 2342 passibilis
1145 2296 1324 2342 qualitas
1345 2296 1529 2333 inferens
1552 2297 1692 2342 palato
1713 2297 1921 2343 gustantis

241 2362 514 2403 dulcedinem,
542 2371 650 2407 quae
678 2363 743 2398 est
769 2361 921 2407 passio.

383 2426 508 2463 Nota
535 2427 646 2472 quod
672 2427 751 2464 1100
778 2427 869 2464 1000
896 2427 1138 2464 Boethius
1164 2427 1262 2464 ait1:
1292 2427 1392 2468 ,Non
1414 2430 1519 2469 sunt,
1541 2428 1682 2473 inquit,
1710 2428 1921 2474 putandae

242 2492 376 2529 solum
403 2492 624 2538 qualitates
651 2501 755 2538 quas
783 2502 910 2538 supra
936 2492 1086 2538 posuit.
1138 2492 1229 2538 Ipse
1257 2495 1435 2529 testatur
1462 2503 1627 2539 quoque
1664 2494 1768 2530 alias
1797 2493 1922 2539 quali—

187 2565 222 2590 35
243 2559 351 2594 tates
379 2567 483 2603 quas
511 2557 634 2594 modo
663 2567 809 2594 omnes
837 2558 1056 2595 enuntiare
1090 2559 1287 2605 neglexit.
1340 2558 1382 2595 Si
1416 2568 1487 2595 cur
1524 2559 1769 2605 neglexerit,
1798 2569 1922 2604 quae-

242 2626 366 2664 ratur,
394 2623 547 2659 multae
575 2625 671 2660 sunt
697 2632 864 2665 causae,
891 2624 1025 2669 prima
1045 2624 1156 2670 quod
1184 2625 1379 2660 elementi
1398 2624 1531 2661 vicem
1554 2625 1619 2661 hic
1640 2625 1799 2661 obtinet
1819 2625 1923 2661 liber

242 2698 320 2726 1100
347 2688 574 2734 perlectam
603 2689 819 2725 scientiam
856 2689 990 2731 tradit,
1028 2690 1104 2726 sed
1141 2690 1426 2726 tantummodo
1452 2690 1615 2736 {aditus
1651 2692 1776 2735 atque
1814 2700 1919 2735 pons
1949 2697 1971 2730 s.
2001 2696 2070 2729 331)

243 2754 408 2799 quidam
436 2754 477 2790 in
504 2754 652 2790 altiora
679 2755 967 2800 philosophiae
995 2755 1205 2791 introitum
1234 2755 1387 2800 pandit.
1441 2755 1647 2796 Quocirca
1679 2756 1715 2791 si
1751 2756 1808 2791 ita
1841 2755 1919 2791 hoc

244 2821 318 2861 081,
346 2819 589 2856 tantundem
617 2819 755 2856 dicere
783 2820 976 2865 oportuit,
1004 2822 1203 2865 quantum
1231 2821 1559 2866 ingredientibus
1585 2821 1686 2856 satis
1713 2822 1838 2861 esset.
1867 2830 1919 2857 ne

188 2890 224 2918 ⁴0
244 2894 386 2922 eorum
415 2885 577 2922 animos
605 2885 786 2922 nondum
815 2885 867 2922 ad
895 2885 1114 2922 scientiam
1141 2885 1284 2922 firmos
1315 2886 1526 2931 multiplici
1553 2886 1767 2922 doctrinae
1796 2886 1921 2922 subti-

387 3025 398 3047 ¹
427 3026 577 3059 Boeth.
607 3025 629 3058 l.
658 3035 697 3064 c.,
726 3035 760 3067 p.
789 3026 903 3059 25213.

316 3111 432 3139 Beltr.
453 3111 525 3139 xxt.
565 3112 707 3146 Geyer,
729 3111 899 3139 Abaelards
920 3111 1029 3146 philos.
1050 3111 1212 3139 Schriften.
1737 3103 1777 3136 16
