2200 3387
173 934 204 958 10

176 1266 206 1290 15

180 2248 215 2272 30

184 2572 218 2596 :55

188 2902 222 2926 ⁴⁰

483 244 512 277 2.
545 244 609 277 Die
636 245 791 276 Glossen
820 253 863 276 zu
891 244 960 275 den
991 244 1224 283 lx'ategorieu.
1285 265 1290 267 -
1326 244 1376 275 De
1404 244 1620 276 substantia.
1831 242 1897 276 145

222 342 409 378 finitione
449 342 539 378 eius
567 342 675 387 quod
715 341 752 377 in
791 340 1025 376 substantia
1065 341 1224 376 dicatur
1261 341 1311 376 de
1351 341 1450 385 ipsis
1490 341 1781 379 fundamentis,
1821 341 1894 376 scd

223 408 329 444 sicut
362 407 626 443 13oet11ius¹
667 407 763 442 dicit
799 405 1034 442 accidentia
1064 406 1314 450 quandoque
1345 416 1424 441 11011
1458 406 1688 450 praedicari
1718 407 1896 447 nomine,

224 473 320 517 quia
348 473 506 508 scilicet
535 472 687 507 nomini
716 472 835 507 deest
875 471 1093 515 impositio.
1134 471 1190 506 ita
1223 471 1346 506 etiam
1382 471 1610 506 secundum
1646 471 1895 507 sententiam

223 538 466 574 rationalem
486 547 706 582 possumus
723 537 862 572 dicere
879 536 968 571 illas
989 545 1057 571 res
1074 536 1335 571 universales
1352 546 1455 580 quas
1473 536 1523 571 de
1541 537 1728 572 subiecto
1751 547 1899 572 conce-

224 604 324 640 dunt
361 613 442 639 non
471 602 703 648 praedicari
732 601 912 638 nomine.
946 601 1044 646 quia
1080 611 1209 646 saepe
1249 601 1383 637 multis
1421 601 1643 646 speciebus
1672 602 1734 637 vel
1774 612 1899 646 genc-

224 669 336 705 ribus
365 669 515 704 desunt
542 667 720 703 nomina.
775 667 914 703 Potest
940 667 1000 702 sic
1027 676 1192 711 quoque
1221 666 1364 711 accipi,
1393 667 1500 711 quod
1523 667 1580 702 ait
1603 676 1753 702 nomen
1778 668 1898 703 modo

225 734 468 780 praedicari.
497 733 619 769 modo
648 742 741 768 non.
794 732 895 768 Nam
923 742 1014 767 cum
1050 735 1132 767 tam
1167 732 1443 768 substantiale
1481 742 1630 767 nomen
1671 732 1899 768 accidentis

225 809 347 844 quam
370 800 576 843 sumptum
593 798 645 834 sit
660 797 933 835 accidentale.
950 799 1032 833 tam
1048 797 1208 833 scilicet
1222 797 1373 833 albedo
1390 807 1510 842 quam
1529 798 1678 835 album.
1694 800 1898 842 sumptum

225 866 362 900 tamen
392 864 659 909 praedicatur
686 863 737 899 de
766 863 967 903 subiecto,
1005 873 1086 899 non
1116 863 1433 902 substantivum,
1462 863 1558 907 quia
1585 872 1736 908 corpus
1765 864 1899 899 album

225 929 383 969 dicitur,
412 938 493 964 non
521 929 682 964 albedO.
735 928 875 964 l’otest
897 928 1022 964 etiam
1045 928 1096 964 de
1124 928 1300 973 sumptis
1322 928 1453 973 accipi
1476 930 1675 972 quantum
1696 929 1748 964 ad
1771 928 1903 964 subsi-

224 995 384 1031 stentes
413 994 680 1030 substantias.
733 994 834 1029 Nam
868 994 1092 1038 aliquando
1127 995 1292 1038 sumpta
1331 993 1501 1029 nomina
1536 993 1810 1029 accidentium
1850 994 1901 1030 de

225 1059 468 1096 substantiis
506 1059 810 1105 praedicantur,
848 1059 1071 1104 aliquando
1109 1069 1203 1094 non.
1256 1058 1297 1095 Si
1338 1059 1447 1095 enim
1485 1060 1566 1095 tale
1605 1061 1667 1095 est
1705 1059 1902 1096 accidens

225 1125 334 1170 quod
363 1125 624 1161 substantiae
659 1135 734 1169 per
769 1134 815 1160 se
852 1125 960 1163 insit.
1001 1126 1043 1160 ut
1078 1125 1229 1160 albedo
1267 1124 1433 1161 bomini,
1471 1134 1495 1160 a
1532 1134 1612 1169 quo
1651 1134 1732 1160 non
1770 1125 1904 1161 solum

226 1192 494 1232 sustentatur,
522 1200 666 1226 verum
689 1190 813 1226 etiam
843 1200 917 1235 per
945 1200 991 1226 se
1014 1190 1051 1226 ei
1074 1190 1184 1226 inest
1205 1192 1330 1235 atque
1353 1190 1484 1235 ipsum
1510 1190 1675 1235 proprie
1698 1190 1903 1229 informat.

228 1258 433 1301 sumptum
463 1256 656 1292 albedine
685 1256 735 1291 de
764 1256 930 1291 bomine
959 1256 1278 1301 praedicabimr.
1331 1255 1371 1291 Si
1401 1265 1501 1292 vero
1533 1256 1615 1292 tale
1644 1258 1718 1297 est,
1754 1258 1796 1292 ut
1823 1256 1903 1292 alio

227 1322 433 1358 accidenti
462 1321 672 1357 mediante
700 1321 798 1357 insit
824 1321 930 1357 sicut
957 1321 1125 1357 claritas
1160 1321 1226 1357 vel
1264 1321 1444 1357 fortasse
1483 1321 1759 1358 contrarietas
1797 1331 1904 1366 quae

228 1387 439 1423 mediante
468 1387 659 1422 albedine
688 1387 839 1427 insunt,
879 1396 1021 1422 eorum
1051 1388 1215 1431 sumpta
1243 1396 1325 1422 non
1354 1396 1532 1422 necesse
1571 1389 1634 1423 est
1671 1387 1906 1432 praedicari

229 1452 280 1488 de
309 1452 554 1492 substantia.
582 1452 888 1488 sustentatione
916 1452 1025 1487 enim
1063 1454 1269 1497 sumptum
1299 1452 1547 1487 vocabulum
1584 1452 1813 1488 secundum
1850 1452 1906 1487 in-

228 1517 520 1554 formationem
537 1518 596 1553 rei
613 1517 853 1563 simpliciter
873 1517 1149 1562 praedicatur,
1171 1527 1254 1553 non
1272 1518 1499 1553 secundum
1523 1518 1871 1554 sustentationem
1881 1520 1905 1553 ·-’.

175 1593 190 1616 2
230 1583 349 1619 Unde
377 1583 527 1619 albedo
556 1583 767 1619 contraria
795 1583 1197 1627 dicitursecundum
1226 1584 1304 1619 1100
1332 1583 1442 1627 quod
1470 1583 1714 1619 informatur
1747 1585 1908 1619 contra-

229 1649 389 1688 rietate.
417 1658 500 1684 non
527 1658 679 1694 corpus
707 1648 961 1684 contrarium
989 1650 1172 1689 vocatur,
1204 1649 1314 1693 quod
1342 1648 1638 1684 contrarietate
1668 1658 1749 1684 non
1787 1648 1908 1683 infor-

231 1715 376 1753 matur.
403 1714 498 1750 licet
520 1723 612 1750 eam
635 1722 799 1758 quoque
822 1723 904 1750 una
925 1723 1016 1749 cum
1044 1713 1238 1749 albedine
1261 1715 1478 1750 sustentet.
1531 1713 1747 1749 Informari
1768 1715 1906 1749 autem

231 1779 369 1824 aliquo
397 1779 613 1815 accidente
643 1779 831 1815 subiecta
852 1779 1027 1815 materia
1054 1788 1137 1814 non
1164 1780 1314 1823 potest,
1336 1779 1415 1814 nisi
1437 1779 1570 1823 ipsum
1593 1788 1668 1824 per
1689 1788 1734 1814 se
1757 1779 1910 1814 habeat

232 1854 313 1880 non
342 1844 423 1880 alio
451 1844 656 1880 accidenti
684 1844 903 1880 mediante.

376 1909 443 1946 Sic
470 1910 593 1956 iunge
627 1912 667 1945 et
701 1910 812 1955 lege:
852 1919 903 1945 ea
930 1919 1037 1954 quae
1065 1910 1117 1945 de
1154 1909 1342 1945 subiecto
1380 1909 1580 1949 dicuntur,
1618 1909 1910 1954 praedicantur

233 1975 286 2012 de
312 1975 498 2011 subiecto
527 1975 618 2020 ipso
647 1975 812 2010 nomine
841 1976 882 2010 et
907 1974 1069 2010 ratione
1099 1974 1370 2015 substantiae,
1399 1975 1473 2010 sed
1510 1984 1561 2010 ea
1595 1984 1702 2019 quae
1738 1975 1779 2010 in
1817 1975 1910 2010 sub-

233 2041 341 2078 iecto
369 2043 475 2082 sunt,
504 2041 554 2076 de
582 2049 632 2076 eo
661 2041 701 2076 in
729 2050 810 2085 quo
839 2042 935 2076 sunt
962 2042 1003 2076 ut
1031 2040 1071 2076 in
1099 2040 1300 2080 subiecto,
1338 2049 1420 2075 non
1443 2040 1500 2075 ita
1528 2040 1831 2084 praedicantur.
1870 2042 1911 2076 et

233 2107 311 2143 1100
339 2108 417 2142 est:
454 2115 606 2142 nomen
635 2106 686 2142 de
714 2115 888 2142 numero
917 2115 1060 2142 eorum
1098 2105 1310 2141 nominum
1348 2115 1455 2150 quae
1493 2105 1769 2141 accidentalia
1805 2107 1910 2145 sunt,

233 2172 484 2218 quandoque
502 2172 776 2217 praedicatur,
804 2171 1055 2216 quandoque
1078 2181 1173 2210 11011,
1202 2172 1245 2207 ut
1265 2171 1502 2216 expositum
1526 2173 1589 2207 est
1609 2171 1738 2206 tribus
1766 2170 1910 2211 modis.

235 2238 340 2274 ratio
369 2247 469 2274 vero
497 2237 769 2277 substantiae,
808 2246 916 2282 quae
945 2237 998 2273 sit
1023 2237 1182 2273 scilicet
1208 2237 1314 2272 illius
1343 2237 1531 2277 nominis,
1565 2236 1799 2281 praedicari
1828 2246 1910 2272 non

235 2305 382 2349 potest.
435 2303 575 2339 Potest
601 2302 726 2338 etiam
754 2302 815 2338 sic
842 2302 939 2338 dici:
968 2311 1119 2338 nomen
1143 2311 1286 2338 eorum
1315 2311 1422 2354 quae
1451 2303 1546 2338 sunt
1573 2302 1613 2337 in
1642 2302 1844 2341 subiecto,
1872 2301 1911 2337 id

235 2370 299 2405 est
326 2368 633 2414 designativum
660 2377 796 2403 rerum
825 2377 932 2412 quae
962 2367 1001 2403 in
1033 2367 1221 2403 subiecto
1255 2368 1360 2405 sunt.
1400 2368 1443 2402 ut
1470 2367 1619 2406 album.
1652 2367 1732 2402 hoc
1759 2376 1911 2402 nomen

236 2433 406 2471 scilicet.
433 2443 524 2470 cum
553 2433 605 2469 sit
632 2433 671 2468 in
700 2442 876 2478 corpore
904 2435 947 2468 ut
968 2433 1008 2468 in
1030 2433 1231 2473 subiecto,
1254 2433 1332 2468 boc
1352 2434 1416 2468 est
1437 2432 1643 2478 significet
1663 2441 1750 2468 rem
1772 2432 1914 2468 funda-

236 2500 320 2535 tam
347 2499 387 2534 in
415 2508 603 2544 corpore.
631 2498 912 2543 praedicabile
941 2500 1005 2534 est
1037 2498 1089 2534 de
1124 2498 1312 2534 subiecto
1351 2507 1538 2543 corpore.
1592 2497 1760 2533 Dicitur
1785 2497 1912 2532 enim.

240 2563 349 2600 Vere
382 2566 447 2600 est
473 2563 765 2608 praedicabile,
800 2563 897 2608 quia
924 2573 1000 2599 nos
1027 2563 1161 2608 ipsum
1199 2563 1526 2608 pronuntiamus.
1579 2563 1641 2598 Ab
1669 2562 1820 2611 effectu
1849 2562 1913 2597 vel

239 2638 264 2665 a
291 2638 431 2664 causa.
483 2629 623 2665 Potest
655 2629 779 2665 etiam
808 2629 868 2665 sic
896 2629 986 2668 dici,
1016 2630 1057 2664 ut
1084 2629 1409 2674 nuncupativum
1437 2629 1609 2664 verbum
1632 2628 1672 2664 in
1694 2627 1915 2663 substanti-

241 2703 335 2729 vum
363 2694 598 2730 resolvatur
624 2695 701 2730 lta:
729 2704 880 2739 corpus
908 2694 1056 2730 dicitur
1088 2694 1237 2735 album,
1272 2694 1350 2729 hoc
1378 2695 1459 2729 est:
1497 2695 1561 2729 est
1587 2694 1736 2729 album.
1793 2692 1915 2727 1111110

243 2769 338 2795 vero
364 2759 466 2799 albi,
492 2759 531 2795 id
559 2761 623 2795 est
649 2759 834 2796 definitio
863 2760 1136 2798 substantiae.
1164 2768 1271 2804 quae
1299 2759 1352 2794 sit
1373 2759 1493 2794 buius
1515 2758 1693 2794 nominis
1715 2758 1822 2802 quod
1852 2759 1916 2792 est

240 2824 389 2863 album.
407 2834 626 2869 numquam
645 2825 695 2861 de
712 2834 887 2870 corpore
905 2825 1178 2869 praedicatur.
1212 2825 1308 2860 Alia
1340 2834 1445 2859 vero.
1475 2823 1548 2859 Hie
1569 2824 1619 2859 ad
1637 2823 1915 2868 proprietates

243 2889 465 2935 primarum
494 2890 814 2926 substantiarum
850 2890 957 2926 redit
990 2892 1031 2926 et
1068 2890 1174 2926 lianc
1211 2899 1352 2925 eorum
1392 2888 1687 2933 proprietatem
1727 2888 1916 2927 ostendit.

243 2953 341 2998 quia
369 2953 486 2999 ipsae
515 2955 610 2989 sunt
643 2954 859 2990 subiectae
887 2954 1077 2990 omnibus
1113 2953 1207 2989 aliis
1245 2953 1479 2989 nominibus
1516 2952 1605 2988 sive
1640 2952 1702 2987 bis
1731 2962 1836 2996 quae
1865 2952 1916 2988 de

390 3077 429 3108 1-1
458 3073 601 3115 verum]
629 3084 737 3107 unum
766 3075 791 3107 A
913 3076 951 3107 21
983 3075 1166 3107 contrarie
1195 3084 1288 3107 nunc
1317 3075 1493 3106 formatur
1520 3073 1547 3105 A
1660 3074 1704 3105 36
1732 3071 1800 3113 sic]
1828 3074 1857 3105 si
1888 3074 1917 3104 Α

388 3147 397 3168 ¹
427 3147 580 3179 Boetb.
609 3147 631 3178 I.
647 3156 686 3183 ι’..
705 3156 737 3187 p.
757 3147 822 3178 185
838 3147 879 3178 Α.
990 3146 1005 3167 “-’
1033 3147 1084 3178 Cr.
1107 3154 1227 3186 supra
1252 3146 1289 3178 in
1307 3145 1585 3186 Glo.s·s1·s.s·nper
1600 3145 1749 3185 Por-ph„
1765 3153 1798 3185 p.
1822 3145 1864 3176 92
1877 3143 1918 3176 ³⁴.

1698 3203 1769 3237 10·
