2200 3387
537 229 563 259 1.
594 228 657 259 llio
685 229 840 260 (ilossen
869 237 911 259 zu
942 227 1173 267 Porphyrius.
1212 246 1240 248 --
1275 227 1325 258 lle
1353 227 1571 259 ‹liffeim-ntia.
1847 224 1884 258 71

217 323 396 359 stantiali
419 324 678 369 accipiuntur
699 334 775 360 noc
794 324 949 360 faciunt
970 323 1092 361 aliud.
1121 323 1195 359 sed
1217 323 1446 361 alteratum.
1476 324 1552 359 hoc
1576 326 1639 359 est
1663 334 1743 359 non
1768 323 1892 367 signi-

217 388 344 424 ficant
372 389 575 425 facientes
596 390 716 427 aliud.
738 389 810 425 sed
834 389 1036 424 facientes
1059 390 1213 424 tantum
1237 388 1466 424 alteratum.
1515 389 1561 424 la'l
1586 389 1685 423 illae
1707 389 1890 433 quidem.

218 452 347 488 Aliam
389 453 666 490 differentiam
709 453 822 498 ponit
860 452 1014 493 -Qinter‘»
1052 452 1218 488 nomina
1258 454 1420 496 sumpta
1457 463 1481 487 a
1518 452 1763 488 differentiis
1802 453 1892 487 sub·

217 518 479 554 stantialibus
507 520 547 554 et
574 520 737 563 sumpta
765 528 788 553 a
816 518 979 557 ceteris,
1009 517 1117 562 quod
1148 517 1340 553 videlicet
1368 517 1460 553 illac
1490 517 1762 557 differentiae,
1785 527 1891 562 quae

181 589 197 611 -'··
219 592 293 628 per
328 592 375 618 se
409 586 514 622 sunt.
553 583 590 618 id
625 585 688 619 est
717 583 919 619 vocabilia
959 592 1112 619 earum,
1152 592 1232 618 non
1276 585 1581 627 comparantur,
1623 585 1663 618 ut
1701 583 1894 618 videlicet

166 917 196 941 lo

162 1245 194 1270 15

158 1570 193 1596 20

157 1897 192 1922 25

157 2217 191 2242 30

158 2542 192 2565 35

217 648 403 684 dicamus
431 648 562 693 magis
591 649 792 684 rationale
816 649 879 684 vel
910 648 1054 683 minus.
1109 648 1159 683 At
1181 658 1281 683 vero
1305 648 1508 683 vocabula
1529 648 1702 683 aliarum
1726 650 1807 683 tam
1830 659 1892 683 se-

218 713 459 758 parabilium
487 723 607 758 quam
638 713 977 759 inseparabilium
1005 713 1211 758 recipiunt
1234 713 1504 749 intentionem
1528 715 1569 748 et
1591 713 1892 753 remissionem,

217 778 295 814 hoc
317 781 380 814 est
402 778 533 823 magis
556 781 597 815 et
619 779 763 817 minus,
788 788 862 824 per
885 788 992 823 quae
1015 781 1320 823 comparantur.
1355 778 1477 814 Nota
1498 780 1647 818 tamen,
1670 779 1777 823 quod
1800 788 1890 814 cum

217 843 328 880 dicat
350 843 590 880 Boethius
613 854 767 889 super
788 844 1099 889 categorias-¹
1129 844 1306 879 eundem
1339 844 1520 879 calorem
1547 853 1638 879 esse
1659 844 1893 880 accidenta-

217 909 296 944 lem
325 909 478 945 homini
507 911 547 945 et
581 910 897 946 substantialem
936 909 1029 955 igni.
1069 919 1158 945 cum
1197 909 1360 945 dicitur:
1399 909 1488 950 ,iste
1521 909 1642 945 homo
1672 911 1736 945 est
1763 910 1893 954 magis

216 973 373 1009 calidus
396 973 487 1013 illo·,
513 974 676 1010 videtur
697 974 933 1011 differentia
954 975 1199 1019 comparari.
1222 974 1300 1010 nisi
1321 975 1427 1010 forte
1444 974 1613 1015 dicatur,
1634 975 1742 1019 quod
1766 978 1890 1019 negat

214 1038 525 1084 Porphyrius
563 1039 842 1076 differentiam
881 1040 1115 1085 comparari
1152 1039 1263 1075 circa
1299 1039 1367 1075 illa
1404 1041 1573 1081 tantum,
1614 1040 1762 1084 quibus
1800 1041 1892 1076 sub-

214 1104 473 1143 stantialiter.
503 1114 586 1141 non
608 1105 922 1141 accidentaliter
943 1105 1149 1140 convenit.
1203 1104 1320 1140 Unde
1344 1105 1420 1140 etsi
1447 1104 1553 1150 ignis
1576 1105 1736 1140 dicatur
1759 1105 1889 1149 magis

214 1169 370 1206 calidus
384 1170 562 1211 homine,
586 1171 639 1206 nil
662 1171 792 1211 obest,
815 1171 910 1215 quia
933 1170 1093 1215 utrique
1115 1170 1293 1206 calidum
1316 1170 1644 1206 substantialiter
1665 1180 1746 1206 non
1770 1170 1889 1206 inest.

214 1233 256 1271 Si
283 1235 374 1280 quis
402 1235 497 1271 inde
525 1235 634 1272 dicat
667 1236 774 1272 hunc
808 1236 944 1282 ignem
974 1236 1106 1281 magis
1134 1236 1309 1271 calidum
1338 1235 1417 1275 illo,
1447 1235 1643 1272 ,candum-
1673 1245 1746 1280 pro
1773 1237 1891 1275 ,cale-

214 1299 406 1336 faciente‘
435 1303 641 1346 sumptum
671 1301 908 1337 differentia
930 1310 1011 1336 non
1034 1302 1109 1337 est.
1162 1300 1203 1336 Si
1224 1301 1316 1345 quis
1338 1302 1478 1336 tamen
1500 1300 1735 1345 diligentius
1758 1301 1891 1337 consi-

214 1363 343 1403 deret.
371 1364 474 1401 sciet
502 1374 554 1401 ex
592 1366 678 1401 toto
715 1365 826 1401 illum
863 1366 1046 1401 calorem
1083 1365 1152 1410 qui
1188 1364 1362 1409 simplici
1400 1364 1657 1400 substantiae
1695 1365 1890 1401 elementi

214 1430 501 1466 substantialis
530 1430 647 1469 inest.
675 1430 799 1466 alium
827 1439 921 1466 esse
950 1440 1072 1475 quam
1095 1439 1148 1465 ex
1177 1430 1268 1474 ipso
1295 1431 1522 1475 generatur
1549 1429 1588 1465 in
1618 1430 1888 1466 elementario

213 1494 300 1530 sive
329 1496 424 1541 igne
447 1495 536 1531 sive
559 1495 737 1537 homine,
760 1495 840 1540 qui.
869 1495 1027 1531 scilicet
1047 1495 1162 1531 calor
1181 1494 1462 1535 accidentalis,
1486 1496 1550 1530 est
1571 1494 1707 1530 illatus
1730 1496 1886 1531 tantum

214 1569 267 1595 ex
304 1570 354 1596 eo
392 1560 460 1605 qui
497 1561 704 1597 elemento
748 1561 1034 1597 substantialis
1069 1561 1143 1596 est.
1203 1560 1316 1597 Sicut
1349 1560 1460 1596 enirn
1496 1560 1577 1596 alia
1614 1562 1678 1596 est
1714 1560 1889 1597 dulcedo

212 1625 355 1665 mellis,
384 1634 490 1670 quae
525 1626 769 1662 naturaliter
802 1626 921 1670 quasi
956 1626 1077 1667 inest,
1114 1625 1195 1662 alia
1235 1625 1439 1671 gustantis
1476 1635 1583 1670 quae
1621 1635 1674 1661 ex
1711 1627 1890 1662 naturali

211 1690 395 1728 infertur.
424 1700 515 1727 cum
543 1700 625 1727 non
654 1691 706 1727 sit
732 1691 945 1732 naturalis,
975 1691 1030 1727 ita
1057 1691 1163 1727 alius
1192 1693 1256 1727 est
1284 1691 1398 1727 calor
1431 1691 1638 1731 elementi,
1676 1691 1780 1727 alius
1808 1692 1889 1728 ele-

212 1754 414 1795 mentarii,
454 1765 546 1791 cum
586 1757 724 1792 tamen
764 1755 872 1791 idem
913 1755 1142 1791 secundum
1182 1765 1334 1791 nomen
1370 1764 1394 1790 a
1434 1755 1644 1791 Boethio
1687 1755 1886 1792 dicantur.

212 1819 312 1856 Puto
339 1822 477 1856 autem
503 1830 580 1857 nec
602 1821 735 1866 ipsum
759 1821 1009 1857 elementum
1032 1830 1106 1865 per
1127 1830 1173 1856 se
1193 1829 1330 1865 neque
1353 1820 1441 1856 eius
1463 1820 1739 1856 differentiam
1760 1831 1886 1857 sensu

212 1884 381 1924 tractari
423 1894 560 1930 posse,
622 1885 697 1921 sed
734 1885 823 1921 sola
868 1884 1102 1930 composita
1147 1894 1374 1929 eorumque
1420 1884 1654 1921 accidentia
1694 1885 1886 1921 sensibus

211 1949 440 1986 subiacere.

352 2014 462 2050 Nam
503 2025 636 2060 neque
672 2025 815 2059 flentcs.
881 2014 989 2050 Vere
1030 2014 1292 2050 differentiae
1333 2023 1407 2059 per
1446 2024 1492 2050 se
1532 2024 1615 2050 non
1656 2015 1888 2059 suscipiunt

212 2079 344 2125 magis
372 2082 412 2116 et
439 2080 583 2121 minus,
620 2080 718 2126 quia
750 2080 845 2116 illae
874 2089 980 2125 quae
1009 2080 1197 2116 dividunt
1232 2089 1365 2125 genus
1404 2079 1443 2115 in
1481 2079 1658 2125 species,
1696 2080 1774 2116 hoc
1811 2082 1886 2122 est,

212 2154 319 2190 quae
347 2145 602 2182 constituunt
629 2145 895 2182 definitiones
923 2145 1159 2190 specierum
1192 2144 1354 2190 positae
1387 2145 1427 2180 in
1456 2145 1660 2181 divisione
1694 2155 1768 2190 pro
1796 2155 1888 2191 spc—

211 2210 365 2246 ciebus.
417 2210 450 2246 A
472 2211 572 2256 pari.
625 2210 743 2251 Quod
765 2213 905 2247 autem
933 2210 1049 2256 ponit
1070 2210 1195 2246 etiam
1217 2210 1267 2246 de
1290 2219 1457 2256 genere.
1480 2220 1554 2255 per
1576 2210 1886 2247 similitudinem

211 2275 376 2316 inducit.
406 2277 448 2311 ut
475 2276 633 2313 scilicet
660 2276 1007 2321 quemadmodum
1035 2277 1199 2312 constat
1224 2285 1370 2321 genus,
1400 2275 1496 2320 quia
1523 2275 1797 2311 substantiale
1823 2278 1888 2312 est

212 2341 380 2386 speciei.
420 2351 502 2377 non
542 2341 775 2386 comparari
812 2342 922 2378 circa
963 2351 1023 2381 ea.
1070 2341 1219 2377 eadem
1258 2341 1309 2377 de
1349 2350 1478 2377 eausa
1517 2342 1558 2377 et
1597 2340 1885 2377 differentiam.

214 2406 336 2451 Ipsae
364 2407 476 2442 eteine
508 2409 617 2443 sunt.
665 2407 773 2443 Vere
802 2417 883 2443 non
907 2408 1202 2452 comparantur
1222 2406 1484 2442 differentiae
1506 2406 1623 2447 istae,
1651 2406 1747 2451 quia
1769 2407 1885 2452 ipsae

211 2473 316 2513 sunt,
344 2481 451 2517 quae
479 2472 699 2517 complent,
736 2472 775 2508 id
803 2474 865 2508 est
892 2472 1123 2517 perficiunt,
1151 2472 1354 2508 rationem
1383 2471 1718 2517 uniuscuiusque.
1755 2472 1794 2508 id
1822 2474 1887 2508 est

213 2537 526 2574 substantialem
555 2538 839 2574 definitionem
867 2537 1040 2574 alicuius
1069 2537 1225 2583 speciei
1253 2539 1296 2573 ut
1316 2537 1514 2573 animalis.
1566 2536 1637 2573 Est
1658 2537 1766 2573 enim
1790 2537 1885 2573 illud

213 2602 486 2639 Prisciani2
508 2603 741 2648 ,unicuique
762 2604 1042 2640 subiectorum
1065 2609 1308 2648 corporum,
1326 2603 1365 2638 id
1387 2605 1451 2639 est
1472 2603 1592 2639 alicui
1609 2603 1801 2640 omnium.
1818 2603 1884 2638 ubi

213 2667 369 2704 scilicet
406 2668 445 2704 id
473 2668 582 2713 quod
616 2669 868 2714 generaliter
904 2669 1062 2707 dicitur.
1098 2667 1403 2713 particulariter
1439 2667 1688 2713 intelligitur.
1741 2667 1884 2703 Merito

354 2779 372 2809 :l
403 2779 550 2818 ponitur
574 2777 605 2810 A
704 2778 787 2810 9-10
815 2779 987 2810 accidens
1015 2778 1042 2810 Α
1147 2779 1187 2809 19
1216 2775 1368 2816 tantum]
1397 2779 1431 2809 tu
1457 2778 1481 2808 Α
1538 2778 1627 2821 Laio
1656 2776 1766 2815 Sicut]
1794 2777 1823 2808 si
1854 2777 1882 2808 Α

214 2838 252 2869 21
286 2837 391 2877 quasi
420 2837 457 2869 iu
486 2837 513 2869 A
543 2837 604 2868 vis
628 2837 793 2869 discerni
822 2839 947 2878 potest
1057 2839 1099 2869 29
1135 2839 1255 2877 poitet
1282 2837 1309 2868 Α
1424 2837 1467 2868 36
1495 2836 1741 2868 subiectorum
1771 2836 1883 2869 Prisc.

213 2897 412 2929 subiectori
438 2897 466 2928 A
495 2905 560 2928 cor
587 2896 616 2927 A

356 2966 366 2988 ¹
396 2967 555 3005 Boeth„
585 2967 629 2999 In
657 2966 780 3006 δαίετο.
809 2967 864 2999 PL
891 2968 946 3005 64,
975 2977 1009 3008 p.
1041 2968 1156 3000 19213.

354 3025 368 3047 2
394 3026 542 3064 Prisc„
579 3026 667 3058 lust.
695 3035 858 3066 mamm.
886 3026 940 3058 ed.
969 3026 1101 3059 Hertz
1130 3027 1140 3058 Ι
1169 3025 1270 3058 562⁵:
1312 3027 1451 3058 Nomen
1488 3027 1544 3058 est
1581 3034 1667 3066 pars
1705 3024 1883 3058 orationis

213 3095 308 3126 quae
344 3086 543 3126 unicuique
580 3085 825 3118 subiectorum
860 3094 1054 3126 corporum
1092 3095 1156 3118 seu
1191 3094 1310 3118 rerum
1347 3093 1573 3117 communem
1602 3085 1659 3117 vel
1697 3085 1881 3126 propriam

214 3145 425 3185 qualitatem
453 3145 644 3177 distribuit.
