2200 3387
479 266 498 296 2
541 265 604 297 l)ie
632 264 787 295 (ilossvn
817 272 859 295 zu
889 264 956 295 den
988 263 1221 302 lx'atvgorien.
1251 282 1290 285 -—
1323 262 1373 294 lu·
1402 263 1616 302 (immutate.
1827 260 1892 294 19ss

217 359 283 403 qui
313 363 375 395 est
404 361 441 396 in
472 361 608 397 medio
637 361 787 400 mundi.
825 361 932 396 sicut
965 363 1028 396 est
1057 359 1234 395 medium
1266 361 1460 405 punctum
1501 361 1648 394 terrae.
1703 359 1741 394 In
1782 358 1890 394 omni

217 425 323 460 enim
355 426 531 462 rotundo
560 427 597 462 id
627 427 735 471 quod
766 426 944 462 medium
974 427 1046 462 est.
1076 424 1279 460 inlinitum
1309 427 1381 460 est.
1411 426 1451 459 et
1473 434 1602 468 (piare
1633 424 1709 459 ista
1743 426 1893 459 vocent

218 491 437 527 contraria.
468 492 590 536 ponit.
629 502 680 527 eo
709 491 867 527 scilicet
895 490 1003 535 quod
1034 490 1214 525 maxima
1243 489 1437 525 distantia
1474 489 1596 533 spatii
1625 489 1676 524 sit
1705 489 1811 524 inter
1839 489 1892 533 ip-

218 562 307 589 sum
344 554 521 590 medium
556 558 596 590 et
630 555 736 590 lines
766 554 916 592 mundi.
951 554 1186 598 quaesunt
1219 553 1448 597 superiora.
1511 553 1711 587 l'e'deulnr
1737 555 1892 587 aulem.

182 626 197 647 :.
219 618 305 654 Non
335 619 466 654 solum
496 620 636 655 dicunt
673 621 751 655 ista
779 629 874 674 esse
903 618 1124 655 contraria.
1155 628 1296 653 verum
1336 618 1472 655 etiam.
1513 620 1553 653 ut
1591 618 1668 653 hoc
1705 618 1892 661 probent.

168 952 196 975 lo

167 1277 197 1302 15

164 1607 198 1632 20

167 2259 202 2281 :w

177 2913 205 2936 lo

219 684 430 729 proferunt
458 685 663 729 quandam
693 685 981 720 definitionem
1011 683 1325 720 contrariorum.
1355 693 1476 727 quam
1501 683 1808 727 quodammodo
1832 683 1893 718 his

217 749 443 793 assignant.
473 752 513 785 ut
541 750 749 786 contraria
779 760 875 786 esse
906 751 1149 785 monstrent.
1203 749 1261 784 „lh
1291 749 1368 788 liis,
1404 748 1441 783 id
1478 751 1540 783 est
1568 747 1795 784 secundum
1825 757 1893 784 na-

217 816 350 849 turam
379 815 600 851 distantiae
631 815 813 853 istorum.
842 817 1097 859 componunt
1125 814 1409 850 definitionem
1440 816 1581 849 cetera
1605 823 1770 858 quoque
1799 823 1895 849 con-

217 878 343 914 traria
365 879 659 915 continentem.
682 889 789 924 quae
805 879 1074 915 considerant
1097 878 1158 913 liis
1175 878 1326 913 similia
1348 887 1445 913 esse
1469 878 1506 912 in
1531 877 1735 913 distantia.
1778 878 1895 919 (ματη)

217 942 343 977 euim.
391 941 500 978 Vere
523 943 805 979 definitionem
832 943 1058 988 proferunt.
1087 943 1183 987 quia
1211 941 1343 977 istam.
1398 942 1429 977 Α
1460 943 1587 986 parte.
1640 941 1687 977 Et
1715 942 1792 977 hoc
1815 943 1893 977 est:

219 1006 317 1041 Nam
346 1006 634 1044 determinant.
664 1007 700 1043 id
731 1010 793 1043 est
815 1007 1026 1044 definiunt.
1056 1016 1152 1042 esse
1175 1006 1383 1042 contraria
1405 1006 1496 1042 illas
1519 1015 1586 1041 res
1608 1005 1765 1041 scilicet
1787 1014 1894 1049 quac

218 1071 385 1107 multum
415 1072 466 1108 ab
496 1072 672 1108 invicem
695 1073 851 1108 distant
872 1072 960 1108 sive
984 1072 1021 1107 in
1046 1072 1311 1116 oppositione
1335 1081 1437 1107 suae
1460 1073 1634 1107 naturae
1657 1071 1746 1106 sive
1770 1071 1894 1106 etiam

219 1136 476 1173 multitudine
504 1138 637 1182 spatii.
690 1138 771 1173 Hes
807 1138 896 1173 illas
935 1137 1025 1173 dico
1065 1146 1219 1174 eorum.
1259 1137 1297 1172 id
1335 1138 1398 1171 est
1437 1137 1486 1172 de
1526 1145 1698 1172 numero
1739 1144 1895 1178 eorum,

218 1210 324 1246 quae
352 1202 427 1237 sub
456 1202 603 1237 eodem
634 1204 728 1237 sunt
762 1211 930 1247 genere.
983 1202 1187 1237 Nolebant
1225 1201 1333 1237 enim
1374 1210 1567 1245 umquam
1607 1201 1682 1236 sub
1720 1200 1897 1236 diversis

217 1265 545 1310 generalissimis
565 1266 703 1310 aliqua
726 1267 833 1302 inter
853 1276 899 1301 se
923 1266 1126 1302 contineri
1149 1265 1369 1303 contraria,
1398 1265 1472 1301 sed
1495 1274 1664 1309 semper
1685 1265 1723 1300 in
1747 1264 1894 1300 eodem

218 1340 327 1367 esse.
356 1331 465 1375 quod
493 1331 659 1375 quidem
688 1341 831 1367 verum
862 1334 925 1367 est
954 1331 1070 1366 iuxta
1096 1330 1193 1366 illud
1216 1330 1554 1366 Aristotelis¹1
1584 1329 1624 1365 Si
1653 1339 1707 1365 ex
1735 1332 1897 1365 contra—

218 1395 289 1431 riis
324 1405 446 1431 unum
482 1396 605 1432 fuerit
639 1397 760 1441 quale
790 1398 865 1432 etc.
919 1396 960 1432 In
1007 1397 1085 1432 hoc
1127 1398 1265 1432 autem
1307 1397 1580 1432 veliementer
1619 1395 1817 1430 errabant
1857 1397 1898 1430 et

220 1461 448 1499 manifeste.
478 1462 586 1506 quod
621 1463 851 1498 secundum
887 1461 1014 1507 spatii,
1047 1461 1286 1497 distantiam
1325 1461 1533 1497 contraria
1571 1461 1817 1505 pensabant.
1856 1462 1898 1496 ut

218 1526 412 1563 videlicet
441 1528 547 1563 lianc
575 1537 660 1563 rem
689 1528 743 1563 illi
772 1527 1023 1564 contrariam
1053 1527 1249 1563 dicerent.
1279 1527 1374 1571 quia
1403 1536 1554 1571 magno
1582 1526 1718 1571 spatio
1757 1527 1808 1562 ab
1846 1535 1896 1561 eo

220 1594 381 1629 remota
409 1594 510 1628 erat.
562 1592 739 1629 Possent
767 1593 875 1629 enim
905 1593 1018 1638 ipsas
1048 1602 1212 1638 quoque
1241 1592 1498 1628 substantias
1527 1592 1593 1627 vel
1621 1591 1897 1636 quorumlibet

219 1665 287 1692 res
322 1656 754 1700 praedicamentorum
795 1657 871 1692 liac
911 1657 1073 1692 ratione
1114 1656 1346 1692 contrarias
1386 1656 1610 1701 appellare.
1663 1655 1764 1691 Nam
1806 1656 1898 1691 sub-

220 1721 354 1757 iectae
383 1721 644 1757 substantiae
674 1722 878 1767 superiori
907 1724 948 1758 et
976 1722 1160 1757 inferiori
1198 1722 1290 1757 loco
1328 1732 1351 1757 a
1390 1731 1435 1757 se
1474 1721 1598 1757 etiam
1636 1722 1722 1757 toto
1760 1720 1896 1766 spatio

221 1789 406 1822 remotae
423 1788 528 1823 sunt.
551 1790 705 1831 quanto
729 1788 819 1823 loca
840 1788 1034 1832 ipsarum.
1075 1787 1194 1832 Ipsae
1212 1787 1336 1823 etiam
1360 1789 1576 1822 extremae
1599 1788 1740 1831 partes
1762 1786 1898 1822 firma-

222 1852 347 1888 menti
375 1853 520 1888 maiori
549 1853 684 1897 spatio
714 1863 737 1888 a
765 1862 809 1888 se
838 1853 1042 1888 dissident
1070 1855 1110 1888 et
1144 1853 1237 1888 loca
1265 1862 1409 1888 earum
1437 1862 1544 1897 quae
1574 1855 1748 1896 utraque
1777 1861 1896 1897 supe-

167 1934 195 1957 ε.-
221 1917 332 1953 riora
359 1921 464 1955 sunt.
494 1918 532 1954 in
562 1928 612 1954 eo
641 1920 779 1954 tamen
810 1919 886 1963 ipsi
922 1919 1181 1963 superiorem
1218 1918 1349 1953 locum
1389 1918 1457 1953 alii
1492 1917 1697 1962 superiori
1736 1918 1897 1953 contra-

220 1983 323 2018 rium
361 1983 565 2019 dicebant.
603 1994 692 2019 cum
734 1984 864 2028 magis
899 1984 1127 2020 secundum
1169 1984 1372 2019 rationem
1412 1993 1555 2019 eorum
1594 1982 1804 2018 contraria
1842 1983 1898 2018 vi-

221 2048 379 2085 dentur.
435 2049 551 2085 Unde
580 2050 889 2085 Aristoteles
921 2051 1025 2085 lianc
1054 2059 1195 2085 eorum
1233 2049 1470 2094 opinionem
1510 2049 1566 2084 ita
1603 2048 1718 2093 quasi
1754 2050 1897 2092 aperte

220 2113 366 2149 falsam
397 2114 438 2149 et
465 2113 575 2149 ornni
604 2113 767 2149 ratione
797 2113 1034 2149 destitutam
1064 2113 1275 2157 praeterit.
1304 2115 1347 2149 ut
1375 2123 1457 2148 non
1481 2113 1698 2149 destruere
1721 2116 1897 2150 curaret.

221 2188 312 2214 cum
342 2189 394 2214 ex
423 2180 508 2214 toto
536 2188 840 2224 supervacuum
870 2180 1034 2224 putaret
1062 2179 1264 2215 refellere.
1288 2178 1470 2223 ideoque
1499 2188 1574 2223 per
1595 2188 1639 2213 se
1668 2179 1802 2223 ipsum
1830 2188 1898 2223 ap-

224 2245 342 2289 paret
368 2244 570 2280 frivolum.
599 2245 631 2279 si
663 2254 742 2280 non
774 2245 946 2280 videtur.

367 2309 498 2344 Aliam
537 2309 651 2354 ponit
679 2310 921 2354 quantitatis
959 2310 1310 2346 communitatem.
1349 2310 1457 2355 quod
1498 2310 1693 2345 videlicet
1731 2309 1899 2345 nomina

223 2384 305 2410 non
340 2375 494 2410 liabent
528 2385 615 2412 sua.
655 2375 813 2411 scilicet
854 2375 1030 2420 proprie.
1066 2385 1172 2420 quae
1215 2377 1521 2421 comparentur.
1557 2375 1646 2411 sive
1687 2375 1768 2410 sint
1807 2375 1898 2410 sub-

223 2440 432 2475 stantialia
469 2441 741 2484 quantitatum
780 2441 958 2482 nomina,
998 2443 1040 2476 ut
1077 2443 1139 2476 est
1176 2450 1385 2479 numerus.
1426 2441 1516 2477 sive
1557 2440 1640 2476 sint
1675 2443 1839 2485 sumpta
1875 2450 1898 2475 a

224 2506 533 2550 quantitatibus
587 2506 652 2541 Sic
691 2507 831 2550 iunge:
867 2507 1086 2546 Quantitas
1124 2507 1289 2542 videtur
1328 2507 1636 2551 quodammodo
1673 2506 1898 2542 contrarie-

169 2585 203 2607 ;;,·,
224 2573 350 2607 tatem
380 2571 606 2615 suscipere.
643 2572 716 2607 sed
747 2580 825 2607 non
858 2572 1019 2607 videtur
1047 2572 1085 2607 in
1115 2572 1200 2607 suis
1240 2572 1474 2608 nominibus
1512 2572 1728 2616 suscipere
1768 2571 1898 2616 magis

224 2637 439 2674 erminus,
478 2636 554 2671 lioc
583 2638 646 2672 est
682 2637 834 2672 babere.
873 2638 1051 2673 nomina.
1089 2648 1196 2682 quae
1236 2637 1273 2672 in
1317 2637 1631 2682 comparatione
1674 2637 1804 2681 magis
1833 2636 1896 2671 vel

225 2702 359 2737 minus
387 2701 628 2746 suscipiant.
684 2702 821 2747 qum»
848 2703 973 2738 νηὶιη.
1029 2703 1136 2738 Vere
1167 2713 1247 2738 non
1279 2703 1433 2738 liabent
1461 2703 1501 2738 in
1539 2703 1624 2737 suis
1665 2702 1898 2737 nominibus

225 2767 595 2812 comparationem.
624 2767 715 2811 quia
748 2777 883 2812 neque
938 2769 973 2803 in
1027 2769 1200 2812 sumptis
1233 2778 1367 2812 neque
1398 2769 1435 2803 in
1465 2767 1818 2803 substantialibus.
1868 2767 1898 2801 A

226 2833 410 2877 partibus
440 2842 513 2876 per
541 2832 774 2868 bicubitum.
803 2833 911 2876 quod
941 2835 1145 2877 sumptum
1177 2836 1240 2868 est
1268 2843 1290 2868 a
1322 2833 1499 2868 bicubita
1527 2832 1633 2867 linea
1658 2832 1721 2867 vel
1744 2842 1767 2866 a
1791 2831 1899 2867 bicu-

228 2898 436 2934 bitatione.
460 2907 567 2942 quae
591 2898 770 2933 fortasse
787 2902 849 2932 est
866 2898 1085 2942 quantitas.
1134 2897 1178 2933 lit
1203 2908 1275 2941 per
1291 2897 1390 2934 .tria·
1416 2898 1617 2933 babemus
1640 2898 1690 2932 de
1713 2897 1898 2941 sumptis.

227 2973 300 3008 per
323 2971 542 2999 ¹numerus·
560 2966 600 2998 et
623 2966 807 3007 tenuius·
826 2964 876 2998 de
898 2963 1247 2998 substantialibus.
1301 2963 1366 2997 Sic
1390 2963 1497 3007 lege:
1529 2963 1643 2997 Aliud
1668 2962 1896 2997 subiectum

229 3039 308 3064 non
339 3028 485 3064 dieitur
515 3028 643 3072 magis
674 3028 893 3063 bicubitum
925 3028 1005 3063 alio
1040 3028 1238 3063 subiecto.
1295 3028 1432 3072 ,quaew
1462 3028 1502 3062 in
1536 3038 1726 3066 uitiari-o,
1764 3027 1799 3063 id
1839 3030 1901 3063 est

229 3096 267 3131 in
300 3095 376 3130 lioc
407 3093 572 3129 nomine
603 3103 807 3129 numerus.
842 3093 1032 3128 similiter
1059 3094 1314 3138 comparatio
1343 3093 1554 3136 contingit.
1612 3093 1656 3128 ΙἸ
1685 3093 1902 3128 ternarius

374 3204 382 3226 ¹
414 3205 576 3238 lioetli..
608 3205 647 3236 Ιη
679 3206 802 3243 ‘'alry.
831 3204 852 3235 Ι.
882 3215 920 3237 r..
951 3213 982 3244 p.
1013 3204 1135 3236 2:161&

1931 2673 2063 2707 Boi-tii.

1929 2721 2081 2764 pellat*
