2200 3387
151 423 286 457 noeti..

135 483 167 514 p.
181 471 245 504 201
264 474 287 504 Η

318 219 383 252 166
723 221 830 253 Peter
856 222 1060 253 Abaolards
1088 222 1221 262 Logica
1249 222 1572 263 ‚Ing1·e(li011tibus·.

944 352 1015 391 De
1050 352 1338 401 quantitate.

458 441 721 482 (,)ιι(ιη1ἱ1(ιίἱ.κι
741 441 866 476 alita!
882 444 902 476 ¹.
943 441 1039 477 Post
1059 442 1277 477 tractatum
1300 442 1558 478 substantIae
1586 443 1723 478 statim
1747 444 1796 479 de
1818 445 1975 488 quanti-

315 507 398 540 tate
427 507 467 540 et
494 515 574 540 non
603 506 653 541 de
681 506 878 550 qualitate
912 506 1047 541 multis
1082 507 1132 542 de
1160 506 1296 542 causis
1331 507 1506 542 disserit.
1557 507 1599 542 In
1639 508 1748 543 omni
1786 509 1894 544 enim
1930 519 1974 545 re

313 571 395 604 tam
423 569 641 613 quantitati
669 579 791 614 quam
820 570 1006 615 qualitati
1034 571 1221 606 subiecta
1241 571 1404 607 videtur
1430 572 1513 606 tam
1532 573 1680 607 natura
1700 582 1822 617 quam
1844 574 1976 609 consi-

313 633 526 669 deratione
555 634 763 678 quantitas
791 635 1058 679 praecedere.
1110 635 1252 671 Omnis
1280 645 1458 680 namque
1481 636 1723 677 substantia,
1752 637 1846 673 dum
1867 638 1976 683 cogi·
1995 650 2012 674 5

312 700 430 736 tatur.
458 698 524 734 vel
552 701 593 734 ut
620 708 702 734 una
728 708 795 735 res
822 699 861 735 in
890 709 935 735 se
963 700 1028 735 vel
1065 702 1106 735 ut
1140 700 1351 744 multiplex
1391 701 1632 744 attenditur;
1673 711 1797 737 unum
1839 704 1974 739 autem

313 763 377 797 vel
403 763 521 808 plura
542 764 767 799 secundum
790 764 1061 809 quantitatem
1084 764 1350 809 accipiuntur.
1402 764 1483 801 Sed
1503 774 1585 801 non
1599 766 1731 801 omnis
1752 776 1820 802 res
1840 767 1974 803 statim

312 837 402 862 cum
429 828 568 873 aliqua
594 829 817 864 attendItur
845 829 1042 873 qualitate
1054 832 1078 864 '-’.
1130 829 1222 874 Ipsa
1249 839 1426 874 namque
1455 830 1639 871 materia,
1668 830 1763 866 dum
1789 841 1894 876 pura
1920 832 1971 868 ab

313 891 421 926 omni
449 892 646 936 qualitate
673 892 921 937 intelligItur.
959 894 1001 927 ut
1028 902 1111 928 una
1137 893 1276 928 tamen
1304 892 1345 928 in
1382 902 1426 929 se
1463 893 1678 939 cogitatur.
1729 894 1972 936 <Quantitas

313 956 457 997 etiam>
488 958 635 992 natura
661 960 791 998 <non>
827 957 962 992 minus
996 966 1119 1001 quam
1155 957 1491 994 consideratione
1528 958 1770 1003 qualitatem
1806 969 1975 1004 praece·
1998 969 2031 995 10

312 1019 410 1054 dere
439 1019 610 1055 videtur.
663 1019 806 1055 Omnis
842 1029 1021 1064 namque
1062 1021 1295 1056 substantia
1322 1021 1435 1066 prius
1473 1023 1537 1057 est
1573 1022 1614 1057 in
1651 1032 1697 1057 se
1734 1022 1977 1059 naturaliter

311 1093 402 1121 una.
431 1093 553 1128 quam
575 1084 772 1129 qualitate
795 1084 1000 1120 afficiatur
1027 1085 1176 1129 aliqua,
1211 1095 1289 1121 nec
1314 1086 1435 1122 aliter
1462 1086 1571 1122 affici
1599 1088 1738 1131 potest
1766 1087 1975 1132 qualitate,

311 1148 389 1184 nisi
417 1148 529 1193 prius
558 1149 804 1185 naturaliter
831 1149 882 1185 ad
910 1150 988 1185 hoc
1015 1159 1089 1194 per
1123 1150 1396 1194 quantitatem
1423 1151 1556 1195 ipsam
1590 1153 1873 1196 praeparetur.
1925 1152 1977 1188 Ut

312 1214 420 1249 enim
456 1213 659 1250 rationale
697 1214 760 1251 sit.
794 1223 919 1249 unum
953 1224 1049 1250 esse
1086 1216 1266 1259 oportet;
1306 1225 1389 1251 non
1425 1217 1563 1251 autem
1603 1225 1779 1252 necesse
1819 1218 1880 1252 est
1915 1227 1976 1253 ra-

312 1278 464 1314 tionale
492 1288 600 1319 esse,
627 1280 670 1314 ut
696 1288 820 1314 unum
848 1281 1101 1324 permaneat.
1999 1296 2030 1321 15

453 1343 546 1379 Sed
572 1344 793 1379 fortasse
821 1346 1118 1389 opponetur,
1146 1345 1256 1389 quod
1291 1354 1345 1380 ex
1372 1345 1625 1382 necessitate
1652 1348 1867 1391 perempto
1894 1357 1976 1383 uno

312 1408 524 1452 perimitur
550 1409 752 1444 rationale
780 1409 845 1445 vel
873 1409 998 1445 etiam
1018 1409 1153 1445 homo.
1205 1409 1322 1445 Unde
1344 1419 1469 1445 unum
1490 1410 1645 1446 homini
1663 1411 1858 1447 accidens
1881 1421 1977 1448 esse

311 1483 393 1508 non
427 1473 599 1513 videtur,
636 1474 710 1510 sed
747 1474 878 1519 magis
915 1474 1200 1510 substantiale.
1253 1474 1344 1515 Sed,
1381 1475 1485 1510 sicut
1520 1475 1566 1510 in
1602 1475 1977 1512 Divisionibus³

312 1538 467 1577 dicitur,
495 1538 620 1574 multa
648 1540 752 1579 sunt,
781 1549 888 1583 quae
915 1549 993 1575 nec
1019 1540 1180 1574 ratione
1209 1539 1332 1575 etiam
1356 1540 1602 1581 dividuntur,
1625 1550 1702 1576 nec
1724 1542 1863 1576 tamen
1884 1542 1978 1576 sunt

311 1603 610 1639 substantialia.
662 1603 763 1639 Nihil
791 1613 915 1649 porro
944 1604 1217 1640 substantiale
1246 1604 1392 1640 dIcitur
1417 1604 1495 1640 nisi
1523 1607 1718 1649 quantum
1746 1606 1797 1641 ad
1820 1605 1977 1650 specia-
1997 1619 2031 1643 20

311 1668 391 1703 lem
419 1669 612 1703 statum.
666 1668 811 1704 Unitas
839 1679 938 1705 vero
968 1669 1007 1704 in
1035 1669 1307 1705 substantiam
1337 1669 1492 1714 speciei
1513 1670 1611 1705 nihil
1632 1672 1860 1715 promovet,
1882 1670 1979 1715 quia

312 1742 386 1777 per
412 1742 458 1768 se
486 1732 634 1768 nullius
662 1732 817 1777 speciei
844 1734 995 1769 statum
1024 1733 1212 1777 complet,
1241 1733 1346 1768 sicut
1373 1733 1644 1775 rationalitas,
1672 1734 1900 1770 mortalitas
1926 1734 1978 1770 ad

312 1797 600 1842 complendam
615 1797 889 1833 substantiam
910 1797 1156 1833 rationalem
1179 1797 1341 1839 sufficit,
1358 1798 1521 1834 etiamsi
1537 1808 1682 1834 omnes
1698 1798 1804 1834 aliae
1818 1798 1978 1836 formae

312 1862 519 1897 deessent.
572 1862 614 1898 Si
640 1861 731 1907 quis
759 1862 883 1898 etiam
911 1864 1133 1907 opponat
1161 1862 1444 1898 definitionem
1472 1863 1699 1899 accidentis
1732 1873 1815 1899 non
1851 1873 1978 1909 posse

312 1926 446 1971 aptari
472 1926 628 1968 unitati,
665 1936 740 1972 pro
767 1931 866 1969 <eo>
894 1927 1051 1963 scilicet
1087 1927 1196 1972 quod
1233 1937 1315 1963 non
1347 1927 1481 1972 possit
1520 1928 1673 1964 adesse
1718 1929 1784 1964 vel
1824 1929 1976 1965 abesse
1997 1944 2032 1969 25

312 1992 480 2035 praeter
506 1990 823 2035 corruptionem,
851 1991 1031 2026 fortasse
1059 2000 1142 2026 non
1171 1993 1234 2027 est
1261 2000 1416 2027 verum.
1467 1991 1581 2027 Haec
1613 2001 1792 2036 namque
1819 2002 1977 2038 marga-

313 2055 391 2091 rita
417 2055 557 2091 attrita
583 2056 648 2091 vel
668 2055 801 2091 fracta
822 2056 862 2091 in
889 2055 1051 2101 lapillos
1082 2056 1230 2091 multos
1253 2056 1490 2092 dissolvitur
1511 2066 1559 2092 ac
1580 2066 1654 2101 per
1673 2056 1798 2098 <hoc>
1820 2058 1977 2093 tantum

314 2120 512 2156 unitatem
540 2120 703 2156 videtur
729 2121 930 2161 amittere,
966 2130 1048 2156 non
1077 2121 1349 2156 substantiam
1376 2121 1626 2166 margaritae
1662 2121 1850 2166 perdere,
1886 2131 1976 2157 cum

313 2185 507 2221 videlicet
543 2186 805 2221 minutissimi
842 2195 1007 2231 quoque
1042 2186 1166 2230 lapilli
1202 2185 1453 2231 margaritae
1489 2195 1597 2222 nunc
1631 2186 1754 2222 etiam
1791 2186 1979 2222 dicantur

314 2251 419 2287 sicut
445 2252 554 2287 ante.
607 2250 687 2287 Sed
727 2253 823 2287 ante
852 2251 1017 2296 quidem
1054 2260 1136 2286 non
1173 2251 1306 2286 solum
1341 2251 1529 2296 singulae
1566 2252 1684 2287 erant
1715 2251 1977 2297 margaritae,
1997 2262 2032 2286 30

314 2324 458 2350 verum
486 2314 611 2350 etiam
638 2324 783 2351 omnes
811 2315 930 2350 simul
958 2324 1040 2350 una
1068 2316 1187 2350 erant
1213 2314 1448 2360 margarita.
1498 2314 1613 2350 Nunc
1649 2316 1787 2350 autem
1823 2315 1978 2351 amissa

314 2378 469 2414 unitate
506 2378 731 2424 margarita
769 2378 850 2414 iam
888 2388 973 2414 non
1012 2378 1210 2419 dicuntur,
1251 2378 1325 2414 sed
1363 2378 1613 2424 margaritae
1651 2378 1863 2424 pluraliter
1899 2388 1978 2414 nec

314 2443 533 2488 quicquam
561 2443 621 2480 eis
649 2444 777 2480 deest.
806 2445 849 2479 ut
875 2453 960 2479 non
985 2443 1235 2489 margaritae
1264 2443 1462 2483 dicantur,
1496 2443 1575 2479 nisi
1609 2443 1756 2479 unitas.
1809 2442 1850 2479 Si
1878 2453 1987 2489 ergo,

315 2508 450 2544 unitas
478 2508 600 2544 ali0ui
626 2509 686 2544 rei
713 2509 865 2545 adesse
888 2510 928 2545 et
950 2509 1101 2545 abesse
1123 2510 1291 2554 praeter
1313 2509 1619 2554 corruptionem
1641 2509 1816 2544 subiecti
1835 2509 1977 2553 possit,

316 2572 511 2608 accidens
538 2572 704 2608 omnino
733 2582 829 2608 esse
858 2572 1126 2608 convincitur.
1179 2572 1259 2608 Sed
1286 2582 1369 2608 non
1396 2572 1453 2608 ita
1478 2572 1659 2608 fortasse
1692 2572 1846 2608 homini
1872 2572 1978 2608 acci-
1997 2583 2031 2609 35

316 2637 418 2672 dens
447 2647 542 2673 esse
570 2639 708 2682 potest
735 2637 908 2678 ostendi,
943 2638 1039 2682 quia
1074 2637 1131 2673 illi
1165 2638 1314 2673 abesse
1350 2639 1518 2682 praeter
1552 2636 1859 2682 corruptionem
1894 2647 1977 2672 non

315 2703 464 2746 potest,
492 2703 533 2738 et
558 2702 676 2747 plura
703 2702 894 2738 videntur
921 2712 1017 2738 esse
1044 2702 1288 2743 huiusmodi,
1317 2702 1422 2738 sicut
1448 2701 1682 2746 capitatum,
1710 2701 1978 2746 quodsscuius-

460 2843 476 2873 1
507 2841 814 2878 QUANTITATIS
841 2842 913 2874 alia
940 2842 971 2872 A
1095 2842 1112 2873 4
1143 2841 1358 2881 quantitatis
1387 2849 1495 2880 quam
1523 2840 1690 2880 qualitati
1716 2840 1922 2872 substantia
1946 2839 1976 2872 A

319 2901 360 2931 10
388 2900 559 2932 Naturam
586 2901 704 2932 minus
734 2901 761 2931 A
834 2901 1019 2940 qualitatis
1046 2900 1075 2931 A
1188 2901 1286 2931 10-11
1320 2896 1559 2939 praecedere]
1586 2899 1651 2938 pfe
1677 2898 1707 2930 A
1818 2899 1858 2930 19
1886 2898 1975 2930 divi-

318 2958 448 2990 duntur
475 2959 614 2990 scilicet
641 2959 671 2989 A
771 2959 812 2990 22
842 2958 1058 2996 mortalitas]
1085 2967 1130 2990 111.
1157 2958 1186 2990 A
1287 2958 1328 2990 27
1356 2958 1424 2989 hoc
1446 2957 1588 2995 addidi,
1611 2957 1812 2989 lacunam
1834 2957 1911 2989 cod.

458 3033 469 3055 1
496 3035 659 3072 Abael„
688 3034 798 3071 Dial„
827 3044 860 3074 p.
891 3034 956 3066 178

461 3092 474 3115 ’ν’
501 3093 666 3132 Abael„
696 3093 805 3131 Diui,
834 3102 866 3135 p.
898 3093 962 3127 179
1084 3093 1098 3113 ¹³
1126 3093 1288 3131 Boeth„
1315 3092 1368 3127 De
1394 3092 1513 3130 dinis„
1541 3092 1596 3124 PL
1622 3093 1676 3132 64,
1705 3092 1769 3124 881
1786 3092 1858 3125 BC.
