2200 3387
279 235 322 267 ,Ἣ
687 235 792 267 Peter
819 234 1022 266 Abaclards
1051 233 1184 273 Logica
1211 232 1535 274 ,ingl-edieiitibus‘.

280 337 320 368 ut
349 343 427 368 res
457 342 537 368 non
566 332 802 368 tractantur.
841 331 914 367 sed
949 340 1090 366 eorum
1129 330 1405 375 proprietates
1438 328 1707 364 secundum
1745 328 1939 374 signifi—

280 397 476 433 catione
488 406 524 432 m
542 396 862 441 distinguuntur;
885 395 978 431 dum
995 397 1131 431 autem
1148 394 1262 430 vocis
1277 393 1524 439 significatio
1540 393 1775 434 attenditur,
1792 392 1938 429 eadem

280 462 394 497 vocis
422 461 597 497 materia
625 470 731 505 quae
760 461 798 496 in
828 470 873 496 se
902 470 983 496 una
1011 461 1085 496 est.
1114 460 1265 495 multae
1286 468 1414 494 voces
1441 458 1688 494 diiudicatur
1713 457 1939 494 secundum

282 527 542 571 multiplicem
584 526 672 562 eius
711 535 890 562 sensum.
944 525 1177 561 Secundum
1212 524 1319 569 quod
1346 523 1655 559 Priscianus¹
1683 522 1780 559 dicit
1814 523 1941 559 multa

280 592 447 627 nomina
475 592 513 626 in
541 601 664 627 unam
693 600 836 627 vocem
865 590 1096 626 concidere.
1148 589 1194 625 Et
1227 598 1369 624 rursus
1397 588 1589 624 diversae
1622 597 1750 624 voces
1782 587 1823 623 in
1858 597 1941 624 ma·
1959 593 1974 618 5

280 657 385 693 teria
412 656 558 692 eadem
587 665 682 691 esse
710 656 941 692 iudicantur
968 656 1006 690 in
1036 654 1348 699 significatione.
1399 653 1518 690 Unde
1540 653 1772 689 substantia
1792 654 1833 688 et
1852 652 1943 689 usia

282 731 403 757 unum
432 721 791 766 generalissimum
821 721 1020 756 dicuntur.
1072 719 1227 755 Nomen
1263 718 1385 754 etiam
1415 720 1455 754 et
1481 718 1651 754 verbum
1685 718 1772 754 sive
1809 717 1941 754 oratio

282 787 428 823 eadem
468 786 582 822 vocis
620 786 794 822 materia
832 785 1072 829 frequenter
1110 794 1206 820 esse
1247 783 1463 820 invenitur.
1514 783 1632 819 Unde
1672 783 1819 819 eadem
1857 792 1941 819 vox

282 851 399 897 quasi
429 852 504 897 ipsi
528 851 715 896 opposita
738 851 963 886 secundum
987 850 1192 886 diversam
1217 848 1562 894 significationem
1582 850 1623 884 et
1643 857 1734 884 cum
1755 849 1942 893 tempore

283 927 378 953 esse
407 919 447 953 et
475 917 563 952 sine
586 919 771 961 tempore
794 915 941 951 dicitur
961 918 1001 951 et
1022 914 1299 961 significativa
1319 923 1393 959 per
1414 915 1555 959 partes
1584 914 1624 949 et
1643 922 1738 953 non,
1759 912 1942 958 alioquin
1964 918 1997 943 10

283 992 432 1018 nomen
462 984 502 1018 et
528 982 698 1018 verbum
728 981 815 1017 sive
843 980 976 1016 oratio
1005 980 1197 1025 opposita
1232 989 1314 1015 non
1352 979 1597 1015 dicerentur.
1650 977 1766 1014 Adeo
1804 978 1943 1014 autem

283 1050 477 1092 quantum
507 1047 557 1082 ad
593 1046 938 1091 significationem
972 1045 1087 1081 vocis
1121 1044 1315 1080 identitas
1351 1044 1440 1080 sive
1476 1043 1697 1080 diversitas
1732 1042 1942 1088 accipitur,

283 1113 390 1158 quod
428 1112 757 1148 Aristoteles-2
797 1111 902 1146 hanc
943 1109 1192 1146 orationem:
1234 1108 1440 1146 ,Socrates
1479 1109 1608 1145 sedet‘
1648 1109 1852 1153 prolatam
1892 1117 1943 1144 eo

283 1177 454 1213 sedente
489 1179 528 1212 et
562 1175 817 1212 consimilem
850 1175 891 1211 in
919 1174 1223 1220 significatione
1259 1175 1472 1219 prolatam.
1499 1175 1718 1219 postquam
1752 1173 1943 1213 surrexit,

282 1246 325 1278 ut
351 1251 475 1278 unum
504 1251 675 1277 numero
703 1241 835 1277 sumit.
872 1250 954 1276 non
989 1240 1216 1276 essentiam
1253 1239 1417 1284 quidem
1445 1239 1560 1275 vocis
1597 1238 1837 1279 diiudicans‚
1870 1237 1999 1274 sed15

283 1307 640 1354 significationem.
691 1305 751 1341 Ex
779 1315 858 1350 quo
894 1305 1017 1341 etiam
1050 1305 1146 1341 illud
1179 1304 1368 1340 frivolum
1402 1304 1611 1345 refellitur,
1645 1303 1755 1348 quod
1791 1301 1945 1348 opponi

285 1373 390 1409 solet
417 1373 467 1409 de
495 1372 701 1408 communi
724 1371 1035 1416 praedicatione
1056 1370 1242 1406 eiusdem
1271 1369 1399 1406 vocis.
1451 1368 1557 1409 Quia
1583 1379 1674 1405 cum
1697 1368 1843 1405 dicitur
1863 1367 1946 1410 ‚So-

283 1439 420 1473 crates
448 1438 512 1473 est
544 1437 678 1472 homo·
714 1438 753 1471 et
786 1445 929 1471 rursus
969 1434 1093 1474 ‚Plato
1133 1436 1197 1470 est
1231 1434 1378 1470 homo‘.
1418 1433 1611 1469 diversae
1649 1432 1786 1478 potius
1819 1441 1946 1468 voces

285 1500 553 1537 materialiter
568 1499 869 1545 praedicantur.
908 1498 1027 1535 Unde
1043 1498 1154 1534 nulla
1168 1497 1416 1534 universalis
1432 1497 1604 1533 videtur.
1645 1496 1726 1532 Sed
1746 1495 1945 1541 protecto,

286 1568 327 1602 ut
366 1566 516 1602 dictum
554 1567 626 1602 est.
664 1565 779 1601 vocis
816 1564 1012 1600 identitas
1049 1564 1115 1599 vel
1149 1562 1380 1604 diversitas,
1420 1572 1512 1598 cum
1544 1563 1588 1598 ut
1620 1572 1703 1598 vox
1736 1560 1945 1607 accipitur,
1965 1566 2000 1592 20

285 1631 513 1668 secundum
541 1630 837 1675 proprietatem
867 1628 1182 1675 significationis
1210 1629 1367 1664 tantum
1396 1626 1668 1673 distinguitur.

425 1695 649 1732 Possumus
691 1697 828 1731 autem
872 1694 1053 1730 tortasse
1094 1695 1133 1729 et
1169 1693 1346 1729 eandem
1392 1692 1660 1729 materialiter
1709 1701 1856 1728 vocem
1895 1691 1946 1728 de

286 1761 470 1806 pluribus
497 1760 818 1806 praedicabilem
847 1759 997 1796 dicere.
1034 1769 1117 1794 non
1145 1760 1188 1795 ut
1214 1758 1327 1803 prius
1355 1757 1569 1794 enuntiata
1596 1758 1646 1793 de
1683 1766 1764 1793 uno
1798 1756 1947 1793 iterum

286 1826 521 1863 enuntietur
543 1826 592 1862 de
609 1825 700 1862 alio.
723 1825 796 1861 sed
818 1825 910 1870 ipsa
925 1824 1073 1861 eodem
1085 1826 1272 1869 tempore
1295 1833 1374 1868 quo
1397 1823 1448 1859 de
1468 1823 1560 1868 ipso
1582 1822 1829 1863 enuntiatur,
1850 1822 1948 1866 apta

285 1894 374 1928 erat
396 1901 449 1928 ex
469 1891 710 1927 inventione
726 1900 803 1927 sua
823 1890 875 1926 ad
896 1890 1173 1934 copulandum
1194 1889 1262 1925 alii
1288 1888 1504 1926 veraciter.
1528 1889 1572 1924 ut
1592 1897 1683 1924 cum
1704 1887 1756 1923 de
1776 1886 1946 1923 Platone
1967 1897 2002 1923 25

285 1957 443 1993 dicitur.
466 1958 609 2002 posset
632 1956 779 1992 eadem
794 1955 1026 2001 prolatione
1049 1953 1210 1990 Socrati
1230 1963 1330 1990 vere
1352 1953 1546 1998 copulari.
1594 1953 1732 1988 Potest
1761 1951 1886 1988 etiam
1908 1953 1949 1988 et

286 2023 404 2059 simul
421 2022 470 2058 de
487 2022 647 2058 duobus
664 2021 898 2067 singillatim
912 2020 991 2056 dici
1006 2020 1084 2055 hoc
1099 2019 1238 2055 modo:
1261 2019 1317 2059 ,Et
1333 2018 1528 2055 Socrates
1541 2020 1582 2054 et
1594 2017 1709 2054 Plato
1722 2019 1786 2054 est
1800 2017 1946 2053 homo.‘

428 2087 517 2123 Alio
545 2087 683 2131 itaque
712 2086 833 2122 modo
861 2095 989 2121 voces
1016 2087 1060 2121 ut
1086 2093 1211 2120 voces
1238 2085 1476 2121 tractantur.
1504 2083 1584 2119 alio
1617 2083 1740 2119 modo
1774 2082 1948 2119 eaedem

286 2156 329 2189 ut
355 2162 434 2189 res.
463 2153 503 2189 id
530 2154 594 2188 est
620 2152 659 2187 in
688 2151 875 2187 essentia
902 2160 979 2187 sua
1005 2150 1331 2189 considerantur,
1360 2148 1456 2194 quia
1481 2158 1573 2184 cum
1600 2147 1852 2184 indiscretae
1879 2156 1948 2183 res

287 2217 377 2254 sint.
407 2216 632 2252 secundum
661 2214 1009 2261 significationem
1043 2214 1248 2259 quaedam
1281 2222 1534 2253 communes,
1572 2212 1777 2257 quaedam
1812 2210 1948 2256 singu·
1969 2212 2003 2247 30

286 2283 396 2318 lares
436 2282 626 2317 dicuntur
666 2283 706 2317 et
745 2281 951 2325 quaedam
996 2279 1304 2319 substantiales.
1344 2277 1549 2323 quaedam
1589 2276 1870 2313 accidentales
1909 2276 1950 2312 et

287 2347 472 2387 eaedem,
501 2346 535 2382 si
557 2346 805 2391 quandoque
827 2345 931 2381 haec
950 2345 1119 2381 nomina
1140 2344 1259 2380 simul
1286 2344 1452 2383 habent,
1484 2343 1602 2388 ipsae
1630 2352 1655 2378 a
1681 2351 1727 2378 se
1755 2341 1949 2378 diversae

288 2414 328 2448 et
355 2411 659 2456 quodammodo
687 2411 765 2446 sibi
804 2410 1022 2455 oppositae
1058 2409 1302 2445 iudicantur.
1354 2407 1435 2444 Res
1463 2417 1563 2444 vero
1590 2408 1635 2443 ut
1665 2416 1734 2443 res
1768 2406 1949 2442 tractare

287 2478 508 2522 <epm-tet>
538 2476 632 2521 quia
659 2475 885 2512 secundum
912 2475 991 2511 hoc
1018 2474 1126 2519 quod
1161 2474 1201 2510 in
1235 2473 1421 2510 essentia
1456 2482 1533 2508 sua
1567 2472 1732 2513 habent,
1765 2462 1950 2507 conside-

287 2544 440 2578 rantur.
493 2542 609 2586 Ipsae
638 2543 774 2577 autem
802 2543 942 2582 (cum)
970 2540 1010 2576 in
1039 2539 1222 2576 essentia
1258 2548 1334 2575 sua
1367 2548 1391 2574 a
1428 2547 1474 2574 se
1508 2537 1702 2574 diversae
1737 2546 1820 2572 non
1856 2535 1948 2577 sint,
1969 2550 2003 2576 35

288 2607 397 2643 nullo
426 2607 547 2643 modo
568 2609 610 2642 ut
632 2606 823 2642 diversae
852 2615 877 2641 a
900 2615 946 2642 se
968 2605 1034 2641 vel
1056 2604 1283 2640 secundum
1305 2603 1611 2648 oppositionem
1632 2601 1765 2647 accipi
1785 2601 1948 2642 debent,

288 2672 362 2708 sed
389 2671 612 2717 simplicem
643 2671 797 2707 habent
823 2670 1121 2715 acceptionem.
1148 2678 1275 2705 voces
1303 2678 1402 2704 vero
1431 2667 1646 2713 duplicem.
1696 2666 1815 2703 Unde
1841 2666 1948 2702 bene

289 2747 370 2773 non
399 2736 544 2772 dicitur
571 2736 621 2772 de
650 2736 796 2772 eadem
824 2744 868 2771 re
897 2744 989 2771 eam
1017 2735 1058 2770 et
1084 2742 1180 2770 esse
1202 2733 1480 2769 universalem
1502 2733 1543 2768 et
1563 2741 1645 2767 non
1667 2731 1734 2767 vel
1754 2730 1948 2767 accidens

290 2811 383 2838 esse
412 2804 452 2837 et
478 2811 572 2838 non.
601 2800 710 2846 quod
737 2800 902 2845 quidem
930 2800 1152 2844 oporteret.
1181 2798 1215 2834 si
1242 2807 1368 2843 supra
1397 2796 1533 2842 posita
1563 2795 1730 2842 generis
1763 2794 1948 2832 definitio

288 2867 412 2902 rebus
441 2867 662 2911 aptaretur.
1969 2878 2004 2904 40

433 2964 474 2996 16
495 2972 554 2996 res
577 2963 710 2995 fellitur
736 2963 762 2995 Α
844 2963 885 2995 19
907 2959 1048 3003 praed]
1070 2962 1253 3001 ponuntur
1277 2961 1301 2991 Λ
1374 2960 1414 2992 21
1444 2956 1658 2998 secundum]
1680 2959 1716 2991 et
1735 2958 1763 2990 A
1835 2957 1877 2990 29
1897 2957 1949 2989 in-

290 3023 467 3055 discretes
494 3022 523 3054 A

431 3085 440 3107 ¹
469 3086 617 3124 Prisc,
649 3086 736 3118 [nst.
764 3093 926 3125 mamm.
955 3085 1008 3117 ed.
1035 3085 1146 3117 Hertz
1174 3084 1195 3116 I
1218 3082 1333 3116 14522.
1386 3083 1436 3116 Cr.
1465 3090 1587 3123 supra
1614 3091 1647 3122 p.
1678 3081 1719 3114 16
1731 3079 1771 3113 3¹.

431 3146 444 3167 ·-’
472 3145 630 3183 Βοοῖὴ.,
660 3145 701 3177 [η
732 3146 854 3185 Catey.
882 3143 995 3177 Arist.
1022 3144 1078 3177 PL
1105 3144 1159 3179 64,
1191 3143 1349 3176 198ΒΟ.
