2200 3387
231 904 265 929 10

232 1230 264 1256 15

230 1561 267 1588 20

230 1888 266 1915 25

231 2218 266 2244 80

233 2544 269 2570 85

807 215 834 247 l.
864 215 928 246 Dio
956 213 1111 246 (ilossen
1142 223 1183 246 zu
1214 213 1448 255 Porphyrius.
1942 216 1963 247 :5

431 311 600 348 Modus
628 321 729 347 vero
758 311 1017 348 tractandi
1040 312 1104 347 hie
1126 314 1189 347 est
1211 312 1319 357 quod
1341 312 1594 357 singulorum
1625 312 1737 357 prius
1760 313 1963 349 distinctis

287 377 446 413 naturis
493 377 531 413 in
576 377 756 412 diversis
804 386 947 413 eorum
990 377 1234 412 tractatibus
1275 377 1440 413 tandem
1487 377 1538 413 ad
1575 378 1774 414 maiorem
1820 388 1962 414 eorum

285 442 566 488 cognitionem
595 442 646 478 ad
675 442 997 478 communitates
1025 451 1168 478 eorum
1199 442 1318 477 simul
1353 445 1394 478 et
1427 442 1706 487 proprietates
1735 443 1963 479 descendit.

430 507 635 544 Utilitas
669 508 820 546 autem.
854 508 897 542 ut
930 507 1019 552 ipse
1048 507 1293 542 Boethius
1321 507 1453 547 docet,
1482 518 1571 543 cum
1603 508 1886 553 principaliter
1912 509 1963 545 ad

286 572 630 609 Praedicamenta
657 572 867 617 dirigatur.
921 572 1225 612 Quadrifariam
1251 575 1388 608 tamen
1412 573 1632 619 spargitur,
1655 574 1762 618 quod
1787 576 1965 619 postmo-

285 638 393 677 dum.
421 638 488 674 ubi
517 638 606 683 ipse
636 638 674 673 id
702 637 850 678 dicet¹‚
879 637 1117 683 diligentius
1145 638 1396 682 aperiemus.

428 703 505 740 Per
531 713 653 748 quam
688 705 878 748 partem
906 712 1007 739 vero
1041 703 1094 739 ad
1129 703 1304 748 logicam
1335 704 1571 749 praesentis
1610 705 1748 750 operis
1789 705 1966 742 scientia

284 769 438 809 tendat.
466 769 603 805 statim
632 768 871 807 dinoscitur.
900 768 933 804 si
963 767 1076 813 prius
1106 768 1267 814 logicae
1297 771 1437 814 partes
1473 769 1694 815 diligenter
1731 771 1966 807 distinxeri-

285 843 386 870 mus.
439 833 541 870 Sunt
568 835 708 870 autem
736 834 844 870 duae
881 835 1052 870 auctore
1085 834 1248 870 Tullio
1286 836 1328 871 et
1364 835 1609 871 Boethio:
1647 846 1753 880 quae
1788 837 1965 882 logicam

285 902 549 944 componunt,
578 899 755 936 scientia
782 899 940 936 scilicet
968 900 1262 936 inveniendi
1291 903 1537 946 argumenta
1565 903 1606 937 et
1634 902 1965 943 diiudicandi,

285 965 363 1001 hoc
378 966 442 1001 est
463 965 738 1001 confirmandi
753 967 794 1001 et
815 965 1125 1010 comprobandi,
1149 965 1242 1011 ipsa
1262 966 1444 1003 inventa.
1480 966 1568 1003 Duo
1590 967 1699 1003 enim
1722 969 1966 1005 necessaria

285 1032 381 1066 sunt
406 1031 726 1076 argumentanti,
760 1030 936 1076 primum
970 1032 1013 1067 ut
1047 1031 1235 1067 inveniat
1274 1034 1521 1078 argumenta
1555 1042 1630 1078 per
1663 1043 1771 1078 quae
1806 1036 1966 1080 arguat.

285 1096 436 1133 deinde
470 1096 505 1132 si
533 1095 624 1141 quis
652 1106 704 1132 ea
730 1096 1005 1133 calumnietur
1033 1098 1244 1142 tamquam
1283 1097 1435 1134 vitiosa
1472 1100 1542 1134 aut
1578 1108 1660 1135 non
1697 1099 1800 1135 satis
1834 1100 1966 1141 firma,

285 1171 337 1198 ea
363 1161 612 1198 confirmare
641 1162 755 1198 sciat.
808 1162 927 1198 Unde
954 1162 1175 1199 Tullius-'³
1201 1163 1484 1199 inventionem
1514 1165 1758 1200 naturaliter
1784 1165 1965 1210 priorem

285 1227 393 1264 dicit.
446 1227 507 1263 Ad
541 1229 760 1273 utramque
797 1230 936 1264 autem
974 1227 1135 1274 logicae
1172 1230 1344 1274 partem.
1382 1229 1564 1265 maxime
1601 1240 1702 1266 vero
1740 1231 1790 1266 ad
1825 1231 1967 1267 inven-

284 1291 439 1328 tionem
474 1292 579 1328 haec
612 1291 788 1328 scientia
823 1292 1014 1338 pertinet.
1071 1291 1119 1328 Et
1152 1302 1250 1337 pars
1284 1293 1489 1337 quaedam
1529 1295 1593 1330 est
1619 1294 1821 1331 scientiae
1855 1295 1968 1331 inve-

284 1357 436 1394 niendi.
489 1356 706 1398 Quomodo
735 1357 843 1394 enim
867 1367 921 1394 ex
947 1367 1105 1404 genere
1132 1361 1422 1404 argumentum
1444 1361 1514 1395 aut
1547 1359 1687 1404 specie
1715 1370 1789 1396 seu
1818 1361 1969 1397 ceteris

285 1423 379 1460 duci
406 1424 550 1469 possit,
584 1423 665 1459 nisi
698 1423 763 1459 his
800 1433 908 1469 quae
945 1423 1010 1460 hic
1046 1425 1278 1460 tractantur
1314 1424 1524 1471 cognitis‘?
1573 1425 1691 1462 Unde
1732 1426 1822 1471 ipse
1862 1427 1967 1463 Ari-

285 1490 502 1525 stoteles
547 1488 694 1525 horum
740 1488 1007 1526 definitiones
1049 1489 1090 1525 in
1129 1489 1332 1535 Topicis
1378 1490 1464 1526 suis
1506 1490 1673 1533 inducit,
1719 1501 1811 1528 cum
1852 1492 1967 1529 locos

286 1563 429 1591 eorum
469 1556 632 1596 tractat,
679 1554 785 1591 sicut
821 1556 862 1591 et
897 1555 1089 1591 Tullius
1126 1555 1165 1591 in
1204 1556 1301 1591 suis.
1363 1555 1445 1592 Sed
1483 1557 1680 1602 quoniam
1717 1566 1770 1593 ex
1807 1558 1967 1594 eisdem

287 1618 557 1656 confirmatur
583 1621 871 1665 argumentum
895 1629 947 1656 ex
977 1620 1125 1664 quibus
1152 1620 1371 1661 invenitur,
1399 1630 1424 1656 a
1451 1620 1604 1657 iudicio
1631 1631 1715 1657 non
1744 1623 1808 1658 est
1829 1622 1967 1659 aliena

286 1685 391 1721 haec
430 1685 616 1721 scientia.
681 1684 794 1721 Sicut
833 1685 941 1721 enim
982 1694 1035 1721 ex
1075 1687 1225 1722 natura
1264 1686 1433 1731 generis
1479 1688 1551 1722 aut
1590 1687 1747 1732 speciei
1789 1687 1966 1724 trahitur

286 1752 588 1796 argumentum,
617 1751 674 1787 ita
701 1760 755 1786 ex
783 1750 930 1787 eadem
951 1750 1223 1787 confirmatur
1250 1753 1495 1787 extractum.
1548 1751 1832 1789 Considerans
1855 1762 1966 1789 nam-

286 1825 366 1861 que
401 1816 441 1852 in
476 1816 642 1852 homine
676 1818 874 1861 quantum
918 1816 969 1852 ad
1010 1816 1163 1852 animal
1198 1817 1356 1861 speciei
1389 1819 1581 1853 naturam
1615 1827 1669 1854 ex
1702 1818 1795 1863 ipsa
1828 1818 1966 1855 statim

285 1882 576 1927 argumentum
598 1882 650 1918 ad
672 1881 932 1927 probandum
959 1882 1112 1918 animal
1142 1882 1323 1918 invenio.
1370 1882 1489 1923 Quod
1511 1883 1546 1919 si
1568 1883 1659 1928 quis
1682 1883 1967 1923 calumnietur.

286 1946 420 1992 ipsum
460 1947 599 1984 statim
646 1949 936 1993 argumentum
982 1947 1177 1983 idoneum
1229 1948 1406 1984 ostendo
1450 1948 1674 1995 assignans
1722 1949 1761 1985 in
1808 1949 1967 1986 eisdem

287 2012 445 2058 speciei
471 2014 542 2049 aut
568 2013 736 2059 generis
768 2014 971 2055 naturam,
999 2014 1042 2049 ut
1075 2022 1128 2049 ex
1158 2013 1318 2050 eisdem
1352 2014 1624 2050 terminorum
1658 2014 1968 2051 habitudinibus

285 2080 327 2115 et
352 2078 593 2115 inveniatur
619 2080 911 2125 argumentum
939 2080 980 2115 et
1007 2078 1279 2116 confirmetur
1307 2079 1533 2116 inventum.

428 2142 605 2184 Quidam
639 2145 779 2180 tamen
807 2144 915 2180 hanc
950 2143 1169 2180 scientiam
1197 2153 1275 2181 nec
1302 2154 1386 2180 non
1419 2144 1856 2190 praedicamentorum
1894 2147 1965 2182 aut

287 2208 539 2246 divisionum
572 2219 648 2247 seu
682 2209 972 2246 definitionum
1000 2210 1066 2245 vel
1101 2210 1226 2246 etiam
1263 2210 1596 2256 propositionum
1630 2211 1798 2247 omnino
1832 2211 1884 2248 ab
1913 2211 1969 2247 in-

286 2274 484 2311 ventione
519 2277 560 2312 et
598 2275 749 2312 iudicio
787 2277 988 2321 separant
1015 2285 1093 2312 nec
1120 2276 1200 2312 ullo
1228 2276 1353 2312 modo
1385 2276 1425 2312 in
1453 2276 1641 2322 partibus
1678 2277 1841 2323 logicae
1869 2277 1970 2313 reci·

286 2339 414 2384 pium,
436 2349 528 2376 cum
557 2340 698 2376 tamen
726 2349 801 2376 eas
828 2340 882 2376 ad
909 2341 1038 2376 totam
1065 2340 1243 2385 logicam
1271 2340 1538 2377 necessarias
1564 2341 1758 2377 iudicent.
1811 2340 1968 2382 Quibus

287 2403 454 2449 quidem
491 2405 574 2440 tam
609 2404 838 2441 auctoritas
866 2414 990 2449 quam
1027 2405 1182 2447 <ratio>
1222 2405 1433 2441 contraria
1483 2405 1658 2441 videtur.
1719 2405 1968 2442 Boethius

288 2477 467 2513 namque
495 2478 647 2514 super
672 2468 860 2514 Topica
886 2468 1177 2505 Ciceronis⁴
1213 2469 1418 2515 duplicem
1448 2469 1694 2506 divisionem
1725 2470 1969 2506 dialecticae

289 2533 415 2579 ponit,
444 2543 617 2580 quarum
646 2535 823 2580 utraque
852 2534 909 2570 ita
929 2535 1102 2570 alteram
1131 2535 1314 2571 vicissim
1342 2535 1524 2577 includit,
1552 2537 1596 2571 ut
1623 2535 1812 2581 singulae
1841 2537 1968 2571 totam

289 2597 550 2634 dialecticam
572 2598 942 2644 comprehendant.
974 2598 1109 2634 Prima
1131 2599 1296 2643 quidem
1320 2601 1383 2635 est
1397 2609 1473 2644 per
1493 2599 1710 2636 scientiam
1728 2599 1969 2636 inveniendi

433 2730 492 2763 5-ss
520 2731 715 2771 postmodo
741 2730 771 2763 A
891 2731 949 2763 8-9
978 2729 1270 2771 distinxerimus]
1297 2731 1536 2764 dilexerimus
1563 2731 1590 2763 A
1707 2731 1747 2764 12
1776 2740 1968 2773 argumen-

290 2788 392 2821 tandi
412 2788 460 2827 A2
486 2791 824 2831 argumentatorum
846 2789 876 2822 A
1018 2791 1073 2828 24,
1090 2791 1133 2822 27
1163 2792 1294 2823 natura
1316 2790 1342 2823 A
1488 2791 1531 2822 :25
1561 2799 1669 2830 quam
1691 2790 1719 2822 A
1842 2790 1884 2822 :3⁸2
1918 2791 1968 2822 iu-

290 2848 432 2881 dicetur
449 2848 478 2881 A
579 2849 622 2881 35
649 2851 843 2889 utramque
864 2849 894 2882 A

433 2931 444 2954 ¹
473 2932 634 2971 Boeth„
664 2932 707 2965 In
734 2932 874 2974 Porph.
902 2933 957 2966 ed.
986 2933 1037 2971 11.,
1066 2943 1099 2974 p.
1132 2935 1195 2966 147
1213 2932 1251 2966 ¹⁷.
1297 2933 1348 2966 Cr.
1379 2934 1483 2966 inst-(1
1507 2942 1546 2974 p.
1574 2934 1678 2966 5—7.

432 2990 447 3012 ²
473 2992 638 3030 Boeth„
667 2991 711 3024 In
736 2992 823 3033 Top.
853 2989 939 3030 Cic„
968 2993 1022 3025 PL
1044 2993 1098 3029 64.
1123 3002 1156 3033 p.
1182 2994 1269 3025 1044
1287 2993 1331 3031 C;
1360 2992 1401 3024 Iu
1427 2993 1565 3033 Porph.
1588 2993 1642 3025 ed.
1666 2993 1715 3030 ll..
1740 3002 1773 3033 p.
1799 2994 1863 3025 1:39
1879 2992 1919 3025 2⁰.

434 3051 449 3072 ³
475 3051 640 3090 Boeth..
671 3051 714 3084 In
746 3052 832 3093 Top.
861 3052 944 3090 Cic..
973 3052 994 3085 l.
1023 3062 1050 3085 c.

434 3110 448 3132 ⁴
476 3111 641 3150 Boeth„
671 3111 714 3144 In
746 3111 832 3152 Top.
862 3112 947 3151 Cic„
974 3111 1030 3144 PL
1057 3112 1112 3149 64,
1141 3121 1174 3152 p.
1206 3112 1339 3144 1045ss
1367 3121 1449 3152 sqq.
