2200 3387
196 2594 331 2629 Boeth.

173 2652 206 2684 p.
218 2641 285 2676 257
298 2641 331 2676 D

195 2992 331 3027 Boeth.

179 3051 212 3083 p.
224 3040 293 3074 258
307 3039 333 3075 C

358 263 425 298 244
772 265 879 297 Peter
904 264 1107 297 Abaelards
1134 264 1269 305 Logica
1295 263 1617 305 ‚Ingredientibus‘.

358 358 635 401 augmentum.
687 355 778 391 Non
808 358 948 391 tamen
980 355 1142 397 omnia,
1173 355 1246 391 sed
1274 354 1418 399 plura.
1472 354 1640 390 Iustitia
1679 364 1876 396 namque.
1927 354 2016 391 Duo

359 421 470 458 dixit.
498 420 654 456 scilicet
682 421 791 465 quod
818 429 900 456 non
929 419 1067 455 omnia
1093 419 1261 455 nomina
1288 428 1394 464 quae
1426 419 1660 464 significant
1687 419 1819 465 quale,
1855 429 2017 465 compa-

358 488 500 521 rantur
527 487 567 521 et
594 485 702 530 quod
730 485 845 530 plura
873 486 1174 529 comparantur.
1224 483 1272 520 Et
1298 484 1410 529 prius
1438 484 1594 529 probat.
1623 483 1731 529 quod
1758 493 1841 519 non
1868 483 2016 524 omnia,

359 550 454 595 quia
481 550 558 586 hoc
587 560 736 586 nomen
763 550 916 585 iustitia
945 551 985 585 et
1012 552 1153 585 cetera
1180 548 1440 584 substantiva
1467 548 1708 593 qualitatum
1741 548 1910 584 nomina
1935 557 2018 584 non

359 617 660 660 comparantur.
714 615 745 650 A
762 614 957 659 partibus.
1010 613 1127 654 Quod
1149 615 1285 649 autem
1312 613 1391 649 hoc
1412 622 1565 649 nomen
1586 613 1741 649 iustitia
1759 623 1840 649 non
1856 622 2019 658 compa·
2038 615 2055 641 5

359 683 481 716 ratur.
510 679 651 725 [quod]
686 680 743 715 sic
771 679 883 715 dicit:
921 679 1015 724 quia
1053 679 1086 715 si
1123 679 1282 715 dicatur
1317 688 1399 714 una
1434 678 1590 714 iustitia
1624 680 1817 724 respectu
1852 678 2019 714 alterius

359 744 538 780 iustitiae
566 743 696 789 magis
723 744 787 779 vel
816 744 949 779 minus
979 752 1073 779 esse
1101 743 1265 780 iustitia.
1293 744 1431 787 potest
1458 743 1651 788 quislibet
1683 743 1905 788 ambigere,
1940 743 2020 778 hoc

360 810 423 845 est
449 809 759 845 rationabiliter.
789 809 912 844 debet
938 808 1181 853 reprobare;
1219 807 1573 852 contemperando
1608 806 1717 843 enim
1744 817 1790 844 50
1818 808 1859 843 et
1884 806 2018 843 minus

360 874 534 910 dicendo
562 874 652 919 plus
680 873 895 919 significat.
946 873 1156 909 Similiter
1181 875 1336 915 autem,
1368 873 1447 908 hoc
1475 874 1536 908 est
1562 872 1618 908 ita
1644 872 1843 918 contingit
1869 871 2019 908 ceteris

360 939 549 975 omnibus
576 939 718 974 formis
741 948 846 983 quae
874 937 1068 975 afficiunt.
1096 937 1135 973 id
1155 939 1218 973 est
1240 937 1461 973 informant
1481 937 1676 979 subiecta,
1699 937 1809 982 quod
1828 936 2022 973 videlicet
2042 941 2075 967 ¹0

360 1013 501 1040 earum
529 1003 697 1039 nomina
724 1003 984 1039 substantiva
1010 1013 1093 1039 non
1127 1003 1430 1047 comparantur.
1490 1002 1554 1038 Vel
1581 1002 1627 1038 in
1664 1002 1807 1039 ceteris
1839 1002 2020 1038 affectio-

361 1070 496 1111 nibus,
522 1069 599 1104 hoc
628 1070 691 1104 est
718 1068 758 1103 in
780 1068 930 1104 ceteris
953 1067 1294 1104 substantialibus
1314 1067 1538 1103 formarum
1560 1067 1803 1103 nominibus.
1833 1067 2020 1110 Quidam

359 1134 484 1170 enim.
536 1132 726 1169 Ostendit
752 1132 792 1167 in
821 1132 972 1168 effectu
992 1132 1059 1168 vel
1085 1132 1136 1168 ab
1165 1131 1421 1172 auctoritate,
1449 1132 1558 1176 quod
1584 1131 1884 1167 rationabiliter
1911 1130 2021 1167 dubi-

359 1199 448 1233 tare
470 1206 690 1242 possumus
713 1196 762 1232 (10
785 1195 1017 1231 huiusmodi
1038 1194 1360 1240 comparatione.
1383 1195 1479 1240 quia
1499 1194 1677 1239 quidam,
1699 1195 1738 1231 id
1759 1196 1823 1231 est
1843 1203 2020 1240 magnae

360 1264 400 1298 et
426 1261 688 1298 authenticae
716 1270 934 1306 personae,
963 1260 1159 1301 dubitant,
1187 1260 1227 1296 id
1255 1261 1317 1296 est
1340 1260 1576 1304 reprobant,
1603 1259 1838 1295 huiusmodi
1858 1268 2021 1305 compa·
2042 1265 2075 1290 1⁵

359 1327 573 1363 rationem.
625 1326 780 1362 Dicunt
807 1326 932 1362 enim.
984 1325 1092 1361 Vere
1128 1325 1362 1370 reprobant,
1402 1324 1511 1369 quod
1548 1324 1687 1360 dicunt
1721 1334 1805 1360 non
1841 1324 2020 1365 multum,

359 1393 399 1429 id
427 1394 490 1428 est
516 1402 599 1428 11011
626 1392 744 1432 bene,
773 1391 848 1427 dici
876 1390 1073 1426 iustitiam
1098 1399 1223 1426 unam
1251 1390 1302 1425 ab
1338 1389 1420 1426 alia
1454 1389 1608 1425 iustitia
1642 1389 1775 1435 magis
1812 1390 1853 1425 et
1887 1388 2021 1425 minus

360 1467 456 1494 esse
483 1457 690 1493 iustitiam.
729 1457 873 1492 ,ninus
899 1458 1053 1492 autem.
1106 1454 1287 1491 Duorum
1315 1464 1422 1500 quae
1451 1454 1562 1495 dixit,
1584 1454 1742 1499 <quod>
1763 1453 1920 1490 scilicet
1938 1463 2022 1490 non

361 1523 498 1560 omnia
526 1521 802 1568 significantia
829 1521 1050 1566 qualitates
1077 1521 1370 1565 comparantur
1392 1522 1433 1556 et
1453 1519 1562 1564 quod
1583 1520 1700 1564 plura
1719 1520 2021 1564 comparantur,

360 1589 533 1624 alterum
560 1587 641 1623 iam
670 1586 848 1622 ostendit
868 1586 908 1622 in
931 1585 1271 1621 substantialibus
1291 1584 1537 1621 nominibus.
1588 1584 1703 1620 Nunc
1727 1593 1824 1620 vero
1848 1584 2022 1620 alterum
2042 1594 2076 1620 20

359 1653 561 1688 monstrat
586 1651 626 1687 in
655 1650 883 1691 adiectivis‚
911 1650 1066 1686 docens
1095 1649 1252 1685 scilicet
1277 1648 1485 1685 adiectiva
1511 1648 1745 1694 comparari
1770 1658 1849 1685 nec
1882 1649 2022 1684 tamen

361 1717 508 1754 omnia.
542 1718 585 1752 ut
611 1716 857 1761 triangulum
884 1715 951 1751 vel
978 1714 1223 1760 quadratum
1249 1714 1316 1750 vel
1343 1714 1528 1755 circulus,
1562 1713 1637 1750 sed
1664 1713 1881 1758 quaedam,
1918 1712 2023 1749 sicut

361 1792 518 1822 sanum,
545 1781 707 1820 iustum,
735 1780 1059 1826 grammaticum.
1111 1779 1211 1815 Cum
1241 1779 1414 1815 alterum
1441 1778 1613 1815 deberet
1646 1778 1784 1814 dicere
1819 1777 2023 1814 subiecto-

359 1857 449 1883 rum
484 1846 618 1882 minus
655 1855 751 1882 esse
788 1854 944 1886 sanum,
979 1844 1076 1881 dicit
1108 1844 1243 1889 ipsum
1281 1843 1416 1880 minus
1455 1843 1611 1880 habere
1651 1843 1885 1885 sanitatem,
1913 1842 2023 1888 quod

359 1912 464 1948 idem
495 1913 556 1947 est
582 1911 623 1947 in
651 1920 789 1950 sensu,
825 1910 921 1946 licet
946 1911 1086 1945 tamen
1113 1919 1196 1945 non
1222 1909 1279 1945 ita
1305 1908 1351 1944 fit
1377 1908 1544 1954 propria
1572 1907 1825 1945 constructio
1852 1908 2023 1953 propter
2041 1918 2076 1944 25

359 1986 487 2013 voces
510 1976 733 2021 oppositas,
758 1975 808 2011 de
824 1984 905 2020 qua
920 1974 1085 2020 quidem
1106 1974 1412 2010 constructione
1435 1973 1552 2019 quasi
1573 1973 1765 2009 dubitans
1788 1971 2022 2018 supposuit:

359 2040 439 2077 Sed
465 2042 607 2076 tamen
630 2049 691 2082 ea,
717 2048 766 2075 ac
787 2039 823 2075 si
844 2038 1016 2074 diceret:
1045 2038 1096 2074 ad
1118 2037 1470 2083 comparationem
1491 2037 1703 2073 nominum
1725 2036 2024 2073 adiectivorum

360 2104 672 2142 monstrandum
693 2103 836 2139 induxi
858 2103 1188 2139 constructiones
1210 2102 1454 2138 tantundem
1473 2102 1664 2138 valentes
1685 2101 1726 2137 in
1748 2110 1875 2137 sensu
1897 2110 2024 2146 quan-

359 2172 443 2206 tum
459 2169 637 2210 nomina,
665 2170 707 2204 ut
721 2177 794 2213 pro
817 2172 985 2205 ,sanum‘
1008 2167 1128 2212 posui
1151 2167 1317 2207 ‚habere
1339 2167 1582 2207 sanitatem‘.
1605 2166 1680 2202 sed
1701 2167 1840 2202 tamen
1861 2166 2024 2211 sumpta

360 2235 639 2271 indubitanter
665 2233 773 2279 apud
801 2242 945 2269 omnes
973 2234 1275 2278 comparantur.
1304 2232 1378 2268 sed
1405 2241 1488 2268 non
1515 2231 1572 2267 ita
1593 2231 1805 2267 orationes
1827 2230 1959 2277 magis
1983 2231 2024 2267 et
2042 2247 2077 2273 30

359 2301 494 2336 minus
520 2299 800 2335 indubitanter
826 2298 1064 2343 suscipiunt.
1114 2297 1162 2333 Et
1188 2297 1266 2333 hoc
1293 2298 1373 2333 est:
1407 2307 1455 2333 ea
1485 2297 1648 2340 Qualia,
1679 2296 1720 2332 id
1754 2297 1818 2332 est
1844 2295 2024 2341 qualium

360 2365 538 2401 nomina.
567 2372 672 2408 quae
707 2363 896 2399 dicuntur
929 2363 1156 2399 secundum
1190 2362 1376 2402 affectus,
1413 2361 1453 2398 id
1490 2363 1555 2398 est
1591 2370 1697 2406 quae
1733 2361 1896 2406 sumpta
1931 2361 2025 2397 sunt

361 2439 413 2465 ex
441 2428 706 2473 qualitatibus
727 2427 1003 2464 afficientibus
1019 2429 1094 2464 etc.
1147 2426 1265 2467 Quod
1286 2426 1424 2463 statim
1446 2426 1628 2462 ostendit
1647 2426 1688 2462 in
1709 2426 1907 2472 partibus,
1929 2425 2026 2471 quia

360 2493 652 2540 grammaticus
691 2493 823 2538 magis
864 2492 1020 2533 dicitur,
1057 2492 1166 2537 quod
1203 2493 1268 2528 est
1303 2491 1609 2537 grammaticior
1636 2492 1711 2527 etc.
1762 2490 1810 2527 Et
1843 2490 1886 2526 in
1921 2490 2024 2530 aliis,

361 2558 519 2594 scilicet
540 2557 741 2602 qualibus,
771 2557 1015 2602 quibusdam
1037 2556 1225 2593 similiter
1245 2556 1499 2601 comparatio
1521 2555 1731 2602 contingit,
1754 2564 1861 2601 quae
1882 2564 2024 2591 rursus
2043 2570 2077 2596 35

359 2623 399 2659 in
436 2622 681 2667 quibusdam
718 2622 867 2662 deficit,
904 2624 947 2657 ut
979 2622 1019 2657 in
1056 2621 1261 2667 triangulo
1291 2623 1367 2657 etc.
1418 2621 1497 2657 Nec
1523 2621 1675 2662 aliqua
1701 2621 1892 2657 aliarum
1920 2620 2025 2665 tiqu-

364 2697 526 2730 rarum,
553 2687 631 2723 hoc
659 2688 723 2723 est
749 2687 904 2723 nullum
930 2686 1177 2723 vocabulum
1204 2688 1410 2731 sumptum
1436 2686 1487 2722 ab
1515 2685 1653 2731 aliqua
1680 2685 1821 2730 specie
1852 2685 2024 2731 figurae.

360 2752 478 2788 Unde
493 2754 656 2788 constat
671 2751 1034 2798 triangulationem
1050 2753 1091 2787 et
1105 2751 1547 2797 quadrangulationem
1563 2759 1658 2787 esse
1675 2750 1838 2795 species
1853 2749 2024 2796 figurae.

363 2816 404 2853 Si
431 2818 570 2853 autem
598 2817 782 2853 dicamus
811 2816 860 2852 de
888 2815 1103 2852 vocabulis
1130 2815 1438 2852 nominantibus
1465 2815 1621 2861 figuras
1648 2815 1758 2860 quod
1784 2815 1836 2851 ad
1863 2823 2026 2860 compa-

361 2882 564 2917 rationem
601 2891 683 2917 non
719 2881 900 2921 veniant,
939 2881 1087 2917 falsum
1115 2882 1188 2917 est.
1247 2879 1407 2926 Quippe
1443 2889 1526 2916 una
1560 2879 1695 2926 figura
1729 2879 1860 2916 maior
1894 2879 2026 2915 altera
2044 2891 2080 2917 40

363 2946 429 2982 1·οΙ
456 2946 616 2992 longior
644 2946 800 2987 dicitur,
837 2945 957 2982 sicuti
989 2947 1105 2991 parte
1141 2946 1272 2981 altera
1306 2945 1469 2991 longior
1502 2944 1646 2985 forma,
1683 2944 1734 2981 de
1771 2953 1852 2989 qua
1887 2943 2025 2980 statim

362 3012 579 3055 supponet.
633 3010 929 3054 Quaecumque
955 3010 1080 3046 enim.
1132 3010 1240 3046 Vere
1269 3010 1433 3055 sumpta
1468 3019 1493 3045 a
1527 3009 1670 3055 figuris
1706 3018 1790 3045 non
1825 3008 2024 3050 dicuntur,

505 3137 522 3168 4
552 3138 608 3169 etc
633 3136 663 3169 Α
788 3137 830 3168 15
858 3136 1040 3169 autentice
1069 3136 1109 3168 Α.
