2200 3387
156 1095 188 1126 11.
203 1084 271 1117 ’ΖΗΝ
289 1084 313 1116 A

350 216 411 248 ter:
750 215 852 245 rou-1·
881 214 1084 245 Abaoiards
1115 214 1246 254 Logica
1274 212 1597 253 ,mg1·‹=di0ntibus¹.

345 312 524 347 ostendit
546 322 568 346 a
593 314 688 346 toto.
709 311 802 355 quia
826 311 983 345 scilicet
1011 313 1090 345 non
1123 312 1376 354 permanent,
1399 309 1462 345 vel
1493 310 1543 345 ab
1573 309 1786 354 oppositis.
1815 310 1911 354 quia
1930 310 2006 346 sci-

347 378 438 413 lieet
479 380 572 411 sunt
607 386 685 411 non
728 378 1033 419 permanentes.
1099 376 1227 414 Quam
1270 374 1432 418 quidem
1475 374 1780 419 oppositionem
1820 375 2006 419 assignat

345 442 491 477 statim.
520 451 610 476 eum
641 440 850 484 supponit:
881 441 1001 482 Quod
1027 442 1169 473 aulem
1202 441 1289 475 etc..
1317 449 1365 474 ac
1393 439 1426 473 si
1455 439 1628 475 diceret:
1663 439 1779 474 Nulla
1806 449 1887 474 non
1916 448 1999 484 per-

346 505 552 541 manentia
568 505 812 549 positionem
833 505 995 539 liabent.
1048 503 1127 536 Nm!
1150 503 1299 545 mnms,
1322 503 1358 537 id
1381 504 1445 537 est
1467 503 1601 546 potius
1623 503 1807 541 ordinem
1831 503 2005 547 partium

346 579 565 614 possumus
593 569 808 612 assignare
837 577 956 611 quam
989 566 1248 610 positionem,
1277 566 1372 610 quia
1399 566 1557 602 scilicet
1584 575 1665 602 una
1693 575 1788 610 pars
1810 566 2006 611 temporis
2026 578 2042 602 5

345 635 463 669 aliam
495 633 717 678 praecedit.
770 633 847 667 Sed
880 635 918 666 et
947 632 996 665 de
1027 640 1197 666 numero
1227 631 1412 665 similiter
1439 632 1575 675 potest
1602 630 1692 667 dici.
1720 631 1876 666 scilicet
1896 631 2004 675 quo'd

345 699 528 734 ordinem
559 698 763 742 quendam
796 697 945 731 babeat
982 696 1019 731 in
1060 696 1244 739 partibus
1285 696 1347 731 vel
1388 696 1614 731 secundum
1653 697 1838 731 naturam
1877 705 2004 733 suam.

344 764 437 809 quia
466 764 622 798 scilicet
653 763 831 796 minores
861 761 1017 796 numeri
1055 760 1278 795 maioribus
1312 770 1484 804 quorum
1522 763 1660 805 partes
1699 762 1805 797 sunt.
1842 762 2005 797 natura-

344 829 435 872 liter
465 827 623 871 priores
653 828 745 860 sunt
774 825 836 859 vel
867 825 986 859 etiam
1018 824 1243 859 secundum
1280 824 1532 868 putationem
1572 826 1754 859 nostram
1794 834 1900 868 quae
1936 834 2006 860 na-

344 896 473 928 turam
504 891 697 934 sequitur.
726 889 818 933 quia
849 889 1005 924 seilicet
1035 889 1145 932 prius
1174 890 1313 932 partes
1337 890 1621 932 computamus
1644 898 1765 933 quam
1786 890 1881 927 tota.
1910 889 2003 925 dum
2029 899 2059 925 io

344 956 532 991 dicimus:
563 963 677 988 unus.
707 953 798 988 duo,
828 955 922 987 tres.
978 952 1022 986 ΙιἸ
1054 952 1124 991 ila,
1164 952 1320 987 scilicet
1354 952 1449 996 quia
1487 953 1594 987 bunc
1631 952 1817 988 ordinem
1853 952 2006 989 habent

346 1022 483 1064 partes
512 1017 720 1061 temporis.
752 1017 856 1051 11111111
888 1018 1027 1060 partes
1058 1016 1225 1052 numeri.
1255 1025 1353 1059 ergo
1383 1016 1580 1051 ordinem.
1633 1016 1665 1050 Α
1694 1017 1811 1060 parte
1840 1017 2004 1052 ordinis.

348 1084 598 1120 l'ositz'oiwm
632 1092 725 1116 vero
755 1092 837 1115 mm
870 1081 1065 1119 maltum.
1099 1083 1140 1116 ut
1167 1081 1222 1116 ait
1249 1080 1525 1117 Boetliius1.
1553 1081 1590 1116 id
1620 1082 1683 1116 est
1711 1090 1792 1116 non
1827 1081 2004 1117 omnino.

343 1149 423 1183 Sed
449 1150 483 1182 ιἸ
513 1147 653 1182 oralio
681 1147 883 1181 simililer
905 1156 984 1181 non
1010 1147 1132 1180 babet
1154 1145 1310 1181 scilicet
1332 1145 1577 1189 positionem
1601 1145 1639 1180 in
1663 1145 1859 1190 partibus.
1887 1145 2004 1186 Quod

344 1213 524 1249 ostendit
547 1222 620 1256 per
641 1211 958 1246 inconstantiam
984 1211 1167 1255 partium.
1188 1210 1291 1245 sicut
1312 1210 1408 1245 fecit
1429 1211 1480 1245 de
1496 1212 1693 1254 tempore.
1744 1211 1825 1245 Sed
1845 1211 2003 1247 (lictum
2026 1223 2059 1248 15

343 1281 410 1313 est.
463 1277 692 1317 Quantitas.
722 1286 809 1311 cum
842 1275 976 1310 statim
1007 1275 1122 1319 perit.
1160 1275 1312 1310 resumi
1348 1284 1428 1310 non
1464 1277 1601 1319 potest
1629 1275 1733 1310 sicut
1759 1276 1841 1311 aer.
1895 1276 2005 1318 Qua-

340 1345 530 1388 propter,
558 1342 653 1385 quia
682 1341 838 1375 scilicet
866 1350 945 1375 non
977 1342 1221 1384 permanent
1250 1342 1387 1385 partes
1411 1339 1622 1381 orationis,
1652 1350 1732 1375 non
1754 1341 1910 1376 habent
1935 1350 2006 1385 po-

343 1408 546 1443 sitionem.
602 1406 629 1441 A
654 1408 750 1441 toto.
803 1405 1019 1449 Siquidem
1046 1416 1129 1439 mm
1153 1407 1417 1449 permanent.
1464 1404 1693 1444 Submissio
1716 1406 1780 1440 est
1799 1405 2004 1441 illationis.

343 1473 438 1508 Alia
472 1473 624 1515 ltaque,
652 1471 747 1515 quia
775 1471 932 1505 scilicet
959 1470 1064 1505 istae
1093 1470 1343 1514 quantitates
1373 1479 1478 1514 quae
1507 1469 1748 1514 suppositae
1777 1471 1882 1510 sunt,
1911 1479 2005 1506 con-

343 1540 451 1573 stant
486 1547 537 1572 ex
572 1536 757 1581 partibus
797 1535 1042 1570 habentibus
1080 1535 1340 1579 positionem,
1380 1535 1474 1570 illae
1508 1544 1602 1570 non.
1654 1534 1760 1579 Ergo
1800 1535 2003 1579 quaedam
2024 1547 2058 1572 ευ

342 1602 545 1637 constant.
574 1600 776 1643 quaedam
808 1609 901 1634 non.
954 1599 986 1633 Α
1015 1598 1211 1643 partibus

484 1666 515 1704 Q
528 1664 720 1699 uaeritu
732 1674 751 1698 1·
772 1664 821 1698 de
839 1663 1064 1707 suppositis
1087 1663 1360 1698 divisionibus
1383 1662 1632 1707 quantitatis
1653 1672 1760 1706 quae
1782 1662 1874 1698 sint.
1903 1662 2005 1699 Sunt

342 1736 476 1767 autem
508 1729 761 1765 continuatio
785 1731 823 1764 et
846 1728 1039 1763 discretio
1063 1728 1179 1772 quasi
1200 1728 1432 1763 accidentia
1453 1727 1702 1772 quantitatis.
1753 1727 1871 1763 Unde
1892 1727 2005 1773 prior

343 1795 515 1831 subiecti
544 1804 617 1839 per
644 1793 874 1829 accidentia
902 1795 1040 1837 potest
1074 1802 1179 1828 esse.
1231 1792 1431 1828 Constare
1469 1801 1633 1837 quoque
1668 1802 1720 1828 ex
1756 1792 2003 1829 habentibus

343 1861 589 1906 positionem
619 1862 658 1895 et
686 1861 878 1894 constare
907 1868 959 1893 ox
987 1868 1069 1894 non
1106 1858 1354 1894 habentibus
1391 1857 1509 1901 quasi
1546 1857 1777 1893 accidentia
1814 1857 2002 1894 conside·
2021 1870 2056 1895 25

341 1928 493 1962 rantur.
547 1924 662 1964 Quod
682 1925 773 1959 ideo
803 1923 985 1959 dicimus.
1015 1923 1109 1967 quia
1131 1924 1334 1967 quaedam
1357 1922 1629 1966 quantitatum
1650 1922 2003 1967 suprapositarum

342 1994 637 2035 permanentes
666 1999 746 2023 non
776 1991 870 2023 sunt
904 1988 1092 2032 ideoque.
1130 1988 1234 2023 sicut
1272 1997 1411 2023 earum
1448 1996 1550 2022 vera
1586 1996 1667 2022 non
1706 1988 1769 2022 est
1806 1986 2002 2027 essentia,

342 2057 396 2092 ita
425 2065 502 2091 nee
531 2064 631 2090 vera
660 2055 695 2089 in
727 2054 787 2089 eis
816 2056 910 2089 sunt
938 2053 1181 2088 accidentia.

484 2120 542 2155 De
571 2120 804 2154 nominibus
833 2128 997 2162 quoque
1035 2118 1310 2162 suprapositis
1348 2117 1620 2162 quantitatum
1658 2117 1890 2161 quaestio
1927 2119 2001 2158 est,

342 2189 473 2221 utrum
514 2184 799 2220 substantialia
839 2184 918 2218 sint
957 2193 1009 2218 an
1037 2184 1208 2227 sumpta.
1261 2183 1307 2217 Et
1341 2184 1435 2217 sunt
1462 2182 1528 2226 qui
1560 2182 1688 2217 velint
1714 2182 1894 2226 quinque
1931 2191 2001 2218 no-
2021 2194 2056 2218 30

341 2251 449 2286 mina
477 2249 717 2293 simplicium
748 2249 1031 2293 quantitatum.
1070 2250 1262 2292 punctum
1291 2247 1458 2283 scilicet.
1497 2247 1631 2283 unitas
1660 2248 1748 2286 etc.‚
1786 2256 1882 2282 esse
1910 2247 2002 2282 sub—

341 2315 547 2351 stantialia
576 2316 615 2349 et
643 2314 850 2358 specialia.
889 2313 1209 2357 compositarum
1239 2322 1336 2347 vero
1376 2312 1544 2347 nomina
1580 2314 1742 2356 sumpta
1770 2312 1932 2352 vocant,
1958 2312 2002 2347 ut

342 2388 548 2419 numerus,
577 2378 707 2413 oratio
737 2380 810 2413 etc.
862 2377 1065 2412 Numerus
1093 2378 1231 2412 autern
1268 2378 1473 2421 sumptum
1510 2378 1662 2411 vocant
1698 2385 1722 2411 a
1758 2375 2001 2411 collectione

342 2444 537 2479 unitatum
568 2453 645 2478 nec
673 2443 765 2477 ideo
795 2442 976 2486 speciale
1006 2442 1252 2477 vocabulum
1290 2451 1385 2476 esse
1423 2441 1575 2477 volunt,
1614 2440 1722 2484 quod
1759 2449 1842 2475 non
1876 2439 2002 2476 habet

340 2508 549 2543 individua
578 2517 659 2542 una
688 2517 760 2551 per
786 2509 986 2541 naturam.
1040 2506 1254 2546 Quomodo
1285 2506 1391 2541 enim
1422 2506 1485 2541 liic
1512 2505 1708 2542 bInarius.
1737 2505 1814 2540 hoc
1835 2505 1899 2540 est
1919 2505 1999 2540 hae
2020 2516 2055 2541 35

341 2573 518 2608 unitates
560 2573 766 2607 bominum
803 2572 925 2615 longa
963 2582 986 2606 a
1020 2582 1065 2605 se
1103 2573 1365 2610 remotorum,
1405 2580 1484 2606 una
1521 2580 1589 2605 res
1623 2569 1866 2605 naturaliter
1903 2578 1999 2605 esse

340 2638 538 2682 possunt?
566 2637 713 2672 Dicunt
730 2637 867 2680 itaque
885 2644 1101 2677 ,numerus
1121 2637 1196 2671 lioc
1220 2646 1369 2671 nomen
1384 2636 1591 2679 sumptum
1603 2644 1699 2670 esse
1715 2644 1739 2670 a
1755 2633 1999 2670 collectione

340 2705 379 2738 et
407 2702 644 2742 tantundem
677 2702 814 2736 valere
844 2704 1038 2745 quantum
1069 2701 1265 2736 collecti.
1294 2701 1372 2735 hoc
1398 2700 1567 2745 plurale.
1621 2699 1733 2735 Sicut
1760 2699 1866 2734 enim
1895 2699 2000 2734 haec

339 2767 474 2802 unitas
502 2767 555 2801 illi
584 2767 756 2801 collecta
784 2766 940 2806 dicitur,
969 2766 1024 2800 ita
1052 2766 1130 2800 hae
1159 2766 1264 2800 duae
1292 2765 1471 2800 unitates
1499 2764 1697 2800 collectae
1725 2764 1833 2799 inter
1858 2772 1903 2799 se
1930 2772 2000 2799 vo-

338 2832 493 2866 cantur.
547 2830 625 2865 Sed
655 2830 744 2874 quis
772 2832 835 2865 est
863 2839 1012 2864 sensus
1042 2829 1081 2864 in
1110 2839 1159 2865 eo
1198 2829 1307 2874 quod
1344 2829 1464 2864 istam
1502 2828 1556 2863 illi
1593 2828 1808 2863 collectam
1845 2827 1994 2868 dicunt,
2015 2841 2050 2867 40

483 2953 519 2983 14
549 2950 701 2990 seilicet}
730 2952 793 2983 sed
825 2952 849 2981 ,1
935 2949 1052 2989 Quod]
1083 2959 1189 2989 quam
1216 2951 1243 2982 A
1357 2950 1399 2981 2ss
1428 2948 1546 2988 Quod]
1575 2949 1679 2989 quasi
1706 2948 1735 2980 A
1845 2948 1888 2981 30
1915 2947 1999 2980 sub-

338 3011 469 3042 stantia
498 3010 526 3042 A

480 3080 488 3101 ¹
520 3081 668 3112 Boetb.
698 3081 719 3112 Ι.
748 3090 786 3118 ιη,
817 3090 847 3120 p.
878 3081 1001 3112 ὶὶθδΑ,
