2200 3387
547 238 578 272 2.
608 239 673 272 Die
700 240 857 274 Glossen
886 247 928 271 zu
956 239 1027 271 den
1057 238 1293 280 Kutegorien.
1323 256 1363 260 —
1395 239 1447 271 De
1474 238 1668 279 oppositis.
1884 235 1953 271 259

417 335 688 377 Quaeritur
713 340 864 375 autem.
893 346 983 372 cum
1007 336 1180 373 dicimus
1202 336 1358 372 haberi.
1386 336 1480 381 quid
1505 346 1579 381 per
1607 337 1774 374 haberi*
1800 336 1953 380 signiri-

273 412 428 439 cemus.
481 403 561 440 Sed
589 404 770 440 fortasse
799 403 964 439 Habere
993 402 1071 437 hoc
1098 402 1190 437 loco
1218 410 1368 436 nomen
1400 404 1463 437 est
1491 402 1756 446 proprietatis
1784 402 1840 437 rei
1871 404 1951 437 tam

274 468 466 504 habentis
483 479 604 514 quam
620 469 800 505 habitae.
841 467 1108 504 Autiorsitan
1127 476 1200 512 pcr
1219 466 1384 505 „haberi
1408 466 1579 502 formam
1609 467 1659 502 nil
1684 467 1953 511 designamus

273 533 350 570 nisi
379 534 534 570 habere
562 535 706 580 ipsum,
735 534 843 580 quod
872 534 980 569 inest
1007 533 1174 569 habenti
1204 541 1330 568 arma.

237 606 253 631 5
418 598 633 635 videbitur
649 602 786 635 autem
809 598 990 634 fortasse
1014 597 1178 633 Habere
1201 596 1446 641 comparari.
1469 599 1511 631 ut
1533 597 1565 631 si
1589 596 1793 632 dicamus:
1810 597 1953 641 ‚magis

272 665 481 704 armatus:
509 665 584 700 sed
601 664 769 700 omnino
791 664 972 700 alienum
995 672 1092 699 esse
1115 672 1139 698 a
1159 661 1469 701 contrarietate.
1493 661 1571 697 nisi
1593 661 1684 707 quis
1704 662 1810 697 forte
1833 662 1954 697 vesti-

273 730 370 769 tum,
398 730 508 774 quod
536 729 700 766 Habere
729 729 893 765 videtur
919 728 1170 774 significare.
1201 727 1312 763 dicat
1334 727 1585 763 contrarium
1609 736 1706 763 esse
1728 727 1780 763 ad
1801 727 1952 762 nudum

274 795 315 830 et
336 793 553 830 calciatum
576 794 627 830 ad
651 793 936 830 discalciatum
960 794 1001 829 et
1022 794 1242 829 uxoratum
1264 792 1315 828 ad
1339 791 1519 828 viduum.
1558 791 1696 834 <Non>
1718 791 1825 827 enim
1850 791 1954 827 haec

274 859 438 896 habitus
466 861 507 895 et
539 859 717 904 privatio
755 859 949 895 videntur
985 867 1093 904 quae
1130 866 1208 893 nec
1245 857 1564 893 determinatum
1603 859 1766 902 tempus
1801 857 1957 892 habent

223 932 254 958 10
275 933 353 960 nec
380 924 648 971 regressione
676 926 817 961 mutua
844 925 1000 960 carent.
1052 923 1296 959 Boethius
1331 924 1469 958 tamen
1505 923 1545 958 in
1579 922 1955 958 Divisionibus¹

274 989 441 1026 viduum
471 991 511 1026 et
539 990 683 1026 orbum
712 990 820 1026 inter
847 989 1104 1035 privationes
1133 990 1358 1034 computat,
1387 988 1461 1024 sed
1494 988 1676 1024 fortasse
1711 988 1865 1034 largius
1902 988 1955 1023 ibi

274 1055 552 1101 privationem
581 1058 622 1092 et
649 1056 831 1092 habitum
862 1055 1025 1101 accepit
1053 1064 1175 1100 quam
1203 1054 1527 1090 Aristoteles.
1579 1053 1656 1090 Ubi
1679 1054 1801 1090 etiam
1826 1053 1957 1099 priva-

273 1120 381 1157 toria
402 1121 572 1158 nomina
593 1131 759 1167 quoque
776 1123 819 1157 ut
839 1121 1047 1162 iniustum,
1070 1120 1180 1166 quod
1202 1120 1335 1166 magis
1358 1120 1584 1156 secundum
1609 1119 1956 1166 significationem

275 1186 527 1223 contrarium
558 1188 632 1228 estv
669 1187 928 1232 privationes
966 1186 1150 1232 appellat
1187 1196 1264 1222 nec
1298 1195 1381 1221 non
1419 1185 1595 1230 aequale
1633 1185 1697 1221 vel
1735 1185 1957 1230 inaequale

224 1259 255 1284 ιε»
275 1252 461 1289 habitum
489 1254 531 1289 et
557 1253 835 1298 privationem
863 1253 917 1289 ibi
946 1253 1130 1292 denotat,
1158 1261 1266 1297 quae
1302 1251 1434 1297 magis
1462 1251 1502 1287 in
1530 1251 1834 1297 significatione
1863 1252 1959 1286 sunt

274 1317 462 1354 relativa.
514 1317 688 1354 Videtur
715 1320 853 1354 autem
882 1317 1004 1354 nobis
1031 1316 1228 1353 vestitum
1257 1318 1297 1352 et
1334 1318 1555 1352 uxoratum
1593 1316 1633 1351 et
1670 1324 1957 1360 quaecumque

275 1382 441 1419 Habere
481 1382 729 1429 significant,
770 1383 939 1420 omnino
979 1391 1126 1419 carere
1166 1381 1388 1418 contrario.
1441 1380 1615 1426 Oportet
1655 1381 1763 1417 enim
1804 1381 1956 1416 nudum

275 1458 442 1494 quoque
469 1448 675 1485 contineri
707 1449 784 1484 sub
811 1448 988 1487 Habere.
1026 1448 1122 1493 quia
1158 1448 1235 1483 sub
1270 1447 1418 1483 eodem
1459 1455 1615 1492 genere
1656 1448 1820 1482 constat
1860 1456 1956 1483 esse

275 1514 497 1550 contraria.
549 1513 668 1550 Unde
696 1514 1004 1550 Aristoteles
1019 1517 1050 1549 ²:
1089 1513 1143 1550 ,Si
1171 1522 1224 1549 ex
1252 1512 1485 1553 contrariis,
1512 1512 1654 1557 inquit,
1683 1521 1807 1547 unum
1835 1511 1958 1548 fuerit

221 1586 256 1612 ευ
277 1578 399 1622 quale
428 1580 515 1615 etc.‘
569 1577 651 1615 Sed
679 1578 955 1623 quaeritur,
993 1578 1083 1614 sive
1120 1577 1274 1614 nudum
1303 1577 1356 1613 sit
1391 1576 1643 1613 contrarium
1680 1576 1832 1612 vestito
1869 1576 1957 1612 sive

277 1651 371 1684 non,
400 1651 474 1678 cur
499 1643 768 1688 proprietatis
795 1642 1102 1689 designativum
1136 1642 1199 1678 sit.
1252 1641 1341 1678 Non
1376 1641 1483 1677 enim
1522 1641 1674 1677 nudum
1713 1642 1753 1677 et
1788 1640 1957 1676 viduum

276 1708 531 1754 abnegativa
557 1709 717 1745 tantum
745 1710 842 1744 sunt
869 1708 1105 1754 specierum
1133 1707 1310 1747 Habere.
1339 1707 1445 1743 sicut
1472 1716 1616 1743 carere
1644 1706 1808 1742 videtur
1834 1706 1958 1742 abne-

277 1773 460 1820 gativum
489 1783 585 1810 esse
613 1774 770 1811 habere
799 1773 1054 1819 simpliciter.
1107 1772 1147 1810 Si
1183 1773 1293 1809 enim
1330 1774 1486 1808 tantum
1526 1771 1777 1818 abnegativa
1814 1773 1959 1807 essent

278 1839 385 1875 sicut
413 1838 575 1875 infinita
602 1839 782 1881 nomina,
811 1839 1006 1884 quislibet
1027 1838 1097 1884 qui
1118 1847 1293 1875 uxorem
1315 1847 1399 1874 non
1421 1838 1558 1877 habet.
1581 1837 1728 1873 viduus
1751 1836 1960 1874 diceretur

221 1913 257 1940 2⁵
279 1906 320 1941 et
347 1905 404 1941 ita
431 1904 497 1941 ille
527 1905 595 1950 qui
622 1905 774 1941 nullam
803 1905 938 1941 adhuc
966 1905 1104 1945 habet,
1133 1904 1243 1949 quod
1271 1903 1440 1940 omnino
1465 1902 1613 1939 falsum
1637 1904 1711 1939 est.
1763 1902 1958 1938 Dicamus

277 1970 418 2016 itaque
446 1971 614 2007 viduum
649 1972 691 2007 et
723 1971 878 2007 nudum
913 1971 1115 2016 quasdam
1151 1969 1374 2015 qualitates
1414 1969 1646 2014 designare,
1683 1978 1774 2005 cum
1816 1977 1959 2005 eorum

277 2036 444 2082 proprie
472 2036 665 2082 opposita
692 2036 776 2073 sint
802 2037 878 2073 sub
906 2036 1083 2073 Habere.

1981 2152 2117 2187 Boctli.

927 2170 998 2210 De
1034 2169 1291 2220 oppositis.
1983 2211 2017 2244 1³·
2028 2200 2098 2235 264
2107 2199 2140 2235 B

423 2248 628 2292 Quotiens
656 2248 762 2285 solet
792 2248 970 2293 opponi.
1010 2246 1226 2293 Expeditis
1248 2245 1599 2292 praedicamentis
1622 2244 1813 2280 omnibus
1836 2253 1943 2289 quae

223 2324 259 2350 30
279 2315 374 2351 dam
408 2314 491 2350 alia
523 2314 731 2359 supponit,
765 2315 985 2350 tractatum
1026 2312 1186 2349 scilicet
1213 2311 1520 2358 Oppositorum,
1554 2310 1717 2351 Prioris‚
1753 2309 1878 2346 Simul
1919 2311 1961 2346 et

280 2379 415 2416 Motus
436 2380 477 2415 et
492 2379 671 2424 denique
687 2378 1060 2424 aequivocationes
1081 2378 1247 2414 Habere
1269 2376 1547 2422 prosequitur.
1588 2375 1771 2416 Quorum
1794 2375 1959 2420 quidam

279 2445 533 2482 additionem
573 2444 827 2490 superfluam
867 2453 961 2480 esse
1008 2444 1213 2485 dicebant,
1260 2443 1366 2479 sicut
1411 2441 1745 2481 Andronicus,
1792 2450 1869 2477 nec
1908 2441 1959 2477 ab

280 2510 559 2547 Aristotele
580 2509 711 2546 fuisse
732 2509 922 2546 factam-³.
975 2509 1282 2555 Porphyrius
1309 2518 1410 2544 vero
1434 2517 1526 2544 eam
1549 2516 1644 2544 esse
1666 2505 1958 2543 Aristotelis

281 2575 434 2612 asserit
461 2577 503 2611 et
535 2584 686 2611 causas
715 2575 885 2621 insuper
920 2575 1044 2615 addit,
1081 2584 1212 2620 quare
1248 2574 1407 2611 scilieet
1440 2572 1550 2610 facta
1585 2572 1648 2608 sit.
1701 2571 1814 2608 Sicut
1850 2571 1958 2607 enim

226 2651 261 2678 35
281 2643 378 2678 ante
415 2640 756 2686 praedicamenta
788 2640 1095 2677 Aristoteles
1131 2640 1337 2685 quaedam
1372 2638 1585 2685 praemisit
1617 2647 1725 2683 quae
1759 2637 1874 2673 utilia
1907 2636 1959 2672 ad

281 2706 623 2752 praedicamenta
649 2706 858 2745 iudicavit.
879 2706 985 2742 sicut
1006 2707 1072 2742 est
1093 2707 1295 2742 tractatus
1317 2704 1656 2750 aequivocorum,
1677 2703 1959 2741 univocorum.

282 2771 688 2808 denominativorum
717 2773 758 2808 et
786 2771 993 2817 quaedam
1022 2771 1114 2810 alia.
1142 2771 1201 2807 ita
1227 2772 1322 2816 post
1349 2769 1691 2815 praedicamenta
1710 2768 1791 2804 ista
1811 2776 1960 2812 suppo-

425 2888 444 2920 3
474 2887 591 2919 forma
620 2886 649 2918 A
703 2884 787 2927 nisi]
815 2887 863 2919 nil
891 2887 918 2920 A
1079 2887 1098 2919 8
1123 2888 1212 2927 pose
1239 2886 1385 2918 viduum
1421 2885 1562 2918 lacuna
1599 2884 1635 2916 in
1674 2883 1774 2920 cod:
1813 2882 1961 2915 ridetur

281 2946 484 2980 excidisse:
511 2947 599 2979 Non.

428 3017 436 3039 ¹
466 3018 626 3055 Boeth..
654 3017 763 3050 Liber
789 3017 834 3050 de
860 3017 968 3051 divis.
997 3017 1054 3051 PL
1079 3018 1134 3057 64,
1163 3027 1197 3059 p.
1224 3017 1291 3050 883
1307 3017 1344 3049 Β.

424 3077 439 3100 “-’
465 3078 626 3116 Βοοῑὴ.,
655 3077 700 3110 In
728 3077 852 3118 Catey.
881 3077 902 3110 l.
930 3087 968 3115 c.,
997 3087 1030 3118 p.
1060 3077 1127 3110 256
1144 3077 1184 3110 A.

425 3135 440 3157 ³
466 3136 613 3170 Boeth.
643 3135 664 3168 l.
693 3145 733 3174 c.‚
762 3144 795 3177 p.
824 3135 933 3169 263ss
961 3145 1043 3177 sqq,
