2200 3387
540 205 567 235 1.
597 201 660 235 bie
688 204 843 235 Glossen
873 212 915 235 zu
947 203 1179 244 Porphyrius.
1208 222 1245 225 —
1281 197 1331 237 De
1359 207 1496 246 specie.
1813 205 1857 239 4?

180 300 321 335 tamen
344 299 383 336 in
406 299 651 336 delinitione
673 300 840 345 generis
863 310 943 336 non
969 300 1023 336 ita
1045 302 1368 337 construendum
1400 303 1575 342 videtur.
1612 306 1653 339 ut
1681 314 1856 349 praepo-

182 365 302 400 natur
337 364 399 403 ,de
427 364 612 409 pluribus
639 366 725 400 etc:
779 364 940 409 Quippe
979 364 1279 402 ,differentibus
1317 366 1469 410 specie·
1508 367 1584 402 iam
1625 368 1676 403 ad
1719 369 1858 404 exclu-

181 428 342 465 sionem
384 430 642 474 propriorum
687 439 767 465 non
806 431 1042 474 poneretur.
1083 439 1191 475 quae
1233 430 1311 466 istm
1351 431 1507 467 scilicet
1547 442 1622 477 per
1662 433 1712 470 ,in
1747 433 1856 477 quid⁴

181 494 464 540 praepositum
499 498 644 531 essent
678 496 861 531 exclusa.
915 495 1067 531 Poterit
1105 498 1242 532 tamen
1282 496 1462 532 fortasse
1500 497 1590 534 dici.
1629 498 1737 542 quod
1777 508 1855 534 non

144 567 161 591 5
182 559 292 595 dicat
319 558 624 604 Porphyrius
654 558 953 597 ,differentibus
982 560 1134 604 specie
1165 560 1262 604 poni
1290 560 1341 596 ad
1365 561 1650 597 exclusionem
1675 563 1857 607 proprio-

181 633 281 662 rum.
309 623 382 659 sed
410 622 550 659 lacere
579 625 735 658 tantum
765 622 1043 658 differentiani
1073 634 1097 658 a
1126 624 1316 668 propriis.
1369 623 1494 660 Multa
1522 625 1628 660 enim
1653 625 1691 661 in
1715 626 1858 661 ‹letini-

182 689 361 725 tionibus
396 691 613 734 ponuntur.
648 698 754 733 quae
783 688 834 724 ab
863 688 1069 733 aliquibus
1098 689 1376 725 differentiam
1414 690 1571 725 iaciunt
1608 700 1684 726 nec
1719 694 1855 726 tamen

180 754 232 790 ad
261 753 539 790 differentiam
575 763 719 790 eorum
756 753 810 789 ibi
849 757 1069 799 ponuntur.
1122 753 1257 790 Veluti
1294 755 1334 790 in
1374 755 1617 791 definitione
1655 756 1856 794 animalis,

179 827 287 863 quae
316 820 380 854 est
407 818 640 854 substantia
661 817 846 853 animata
867 818 1091 857 sensibilis.
1114 819 1313 854 sensibile
1336 819 1387 854 ad
1411 818 1690 855 differentiam
1710 819 1858 864 lapidis

128 891 160 916 10
180 892 263 919 non
292 883 467 928 ponitur.
496 883 564 928 qui
591 883 672 919 iam
701 892 776 928 per
803 883 1052 924 ‚animatum
1083 884 1279 920 exclusus
1308 887 1383 924 est.
1418 894 1508 920 cum
1539 886 1677 920 tamen
1706 884 1858 920 animal

179 958 255 994 per
287 949 508 988 sensibile·
550 958 715 994 quoque
749 958 774 984 a
808 949 945 994 lapide
973 948 1150 985 diflerat.
1203 949 1399 986 Similiter
1437 959 1529 986 cum
1567 960 1641 995 per
1681 950 1858 988 differre

179 1014 332 1060 specie·
361 1023 494 1061 genus
522 1025 547 1050 a
567 1014 736 1060 proprio
759 1014 937 1054 differat.
964 1024 1047 1050 non
1070 1017 1210 1051 tamen
1237 1015 1290 1051 ad
1312 1015 1391 1051 hoc
1419 1015 1595 1060 ponitur.
1623 1016 1697 1051 sed
1725 1015 1860 1061 gratia

179 1080 575 1125 specialissimorum
603 1083 762 1117 tantum
790 1080 1001 1125 proprium
1024 1080 1242 1120 inducitur.
1271 1083 1313 1116 ut
1334 1081 1492 1117 scilicet
1514 1081 1759 1117 ostendatur
1786 1090 1860 1125 per

179 1145 313 1181 simile
340 1154 474 1191 genus
502 1155 527 1181 a
554 1145 860 1191 specialissimo
889 1144 1057 1181 differre
1086 1146 1193 1182 sicut
1220 1148 1260 1182 et
1293 1156 1318 1182 a
1351 1146 1531 1192 proprio,
1559 1146 1668 1191 quod
1702 1145 1859 1191 speciei

127 1223 159 1248 15
180 1212 245 1246 est
279 1210 467 1254 aequale.
519 1210 572 1246 At
600 1219 701 1246 vero
729 1219 820 1246 cum
849 1209 889 1246 in
924 1210 1063 1255 specie
1103 1210 1216 1246 solas
1244 1219 1372 1246 voces
1401 1210 1638 1255 accipimus,
1676 1220 1758 1246 non
1796 1212 1859 1246 est

179 1275 282 1312 ordo
304 1275 653 1321 transponendus,
677 1275 774 1321 quia
795 1275 873 1311 hoc
902 1284 1053 1311 nomen
1083 1275 1254 1315 ‚albedo
1284 1278 1442 1312 tantum
1471 1276 1636 1321 species
1673 1278 1747 1315 est.
1775 1285 1857 1311 non

180 1341 258 1377 hoc
285 1350 437 1378 nomen
467 1341 639 1380 ,album·.
667 1341 777 1386 quod
806 1341 856 1377 de
885 1340 1174 1377 differentibus
1202 1341 1344 1386 specie
1374 1341 1530 1377 dicitur.

322 1407 402 1443 Set!
428 1408 530 1442 haer
550 1407 720 1452 quidem
746 1407 998 1450 assiynatio.
1050 1406 1205 1442 Dividit
1225 1406 1333 1442 hanc
1355 1407 1678 1452 descriptionem
1701 1406 1858 1451 speciei
1885 1385 2042 1477 ῗῗξᾶἓῖἳ

179 1481 205 1508 a
231 1471 393 1511 ceteris.
421 1481 526 1516 quas
554 1471 780 1517 praemisit.
809 1471 919 1516 quod
947 1471 1107 1507 scilicet
1135 1471 1228 1506 illae
1266 1480 1412 1507 omnes
1446 1471 1659 1507 includunt
1696 1471 1859 1516 species
1911 1457 1952 1468 ‘⁶'

123 1548 159 1574 20
179 1538 262 1572 tam
314 1536 580 1576 subalternas
633 1545 754 1580 quam
811 1535 1031 1581 speciales.
1086 1535 1166 1571 hae
1212 1545 1314 1571 vero
1361 1536 1474 1571 solas
1518 1535 1857 1581 speciaHssimas.

178 1601 441 1646 Assiyuatio,
469 1601 507 1637 id
536 1603 600 1637 est
621 1601 858 1646 descriptio.
899 1601 1082 1637 Planum
1113 1603 1294 1637 ‹tule·m¹.
1341 1600 1453 1637 Fecit
1482 1601 1734 1637 mentionem
1767 1611 1858 1646 spe-

178 1666 414 1703 cialissimis
441 1669 483 1702 et
508 1676 591 1702 non
626 1666 942 1711 specialissimis
975 1666 1209 1712 speciebus,
1246 1666 1320 1702 sed
1358 1666 1436 1702 hoc
1472 1666 1529 1702 ita
1565 1666 1733 1711 planum
1770 1666 1854 1705 fiet.

178 1741 286 1777 quae
308 1732 467 1768 scilicet
489 1732 571 1768 sint
592 1731 926 1777 specialissimae
948 1741 1056 1776 quae
1079 1741 1173 1768 non.
1227 1731 1273 1767 In
1300 1741 1568 1777 unoquoque.
1613 1731 1721 1768 Nota
1741 1740 1858 1777 prae-

179 1795 457 1832 dicamentum
473 1796 621 1832 duobis
643 1796 777 1832 modis
793 1796 937 1841 accipi.
965 1795 1218 1841 simpliciter.
1241 1796 1400 1832 scilicet
1428 1796 1473 1831 in
1502 1796 1857 1841 designatione

124 1875 158 1900 25
178 1861 605 1907 generalissimorum.
634 1871 741 1906 quae
770 1863 878 1897 teste
906 1860 1147 1897 Boethio2
1175 1861 1328 1897 idcirco
1357 1861 1666 1897 Aristoteles
1697 1861 1858 1906 praedi-

178 1929 372 1963 camenta
410 1928 545 1967 vocat.
585 1927 697 1972 quod
736 1927 786 1963 de
826 1927 980 1963 ceteris
1019 1927 1326 1972 praedicentur.
1370 1929 1410 1962 et
1448 1927 1489 1962 in
1529 1927 1857 1965 collectione.

178 1992 337 2029 scilicet
373 1992 414 2028 in
451 1992 742 2038 designatione
782 1992 1004 2028 cuiuslibet
1039 1992 1348 2038 generalissimi
1385 2002 1477 2028 cum
1517 1993 1596 2028 sibi
1630 1992 1857 2038 suppositis

177 2057 456 2098 inferioribus.
496 2058 603 2095 sicut
640 2057 707 2094 hic
745 2057 1054 2103 Porphyrius
1095 2058 1227 2094 docet.
1287 2057 1405 2098 Quod
1443 2058 1500 2094 ait
1538 2057 1858 2104 generalissima

177 2123 401 2169 pluraliter.
439 2123 500 2160 sic
533 2126 598 2160 est
625 2123 932 2168 accipiendum:
970 2123 1138 2169 aliquod
1166 2124 1216 2160 de
1245 2123 1586 2170 generalissimis.
1623 2123 1730 2159 sicut
1765 2132 1855 2160 cum

123 2201 158 2227 so
179 2188 343 2226 dicitur:
371 2189 487 2225 locus
515 2189 568 2226 ab
596 2189 812 2235 oppositis.
848 2189 887 2225 id
926 2191 988 2225 est
1023 2189 1076 2225 ab
1112 2189 1251 2234 aliquo
1288 2189 1586 2235 oppositorum.
1638 2188 1679 2225 Si
1719 2190 1855 2225 autem

177 2253 238 2289 sic
265 2253 452 2290 dicamus
482 2253 533 2294 ,in
562 2263 814 2298 unoquoque
843 2253 1209 2299 praedicamento‘,
1237 2253 1315 2290 hoc
1343 2255 1407 2290 est
1435 2253 1474 2289 in
1502 2255 1589 2290 tota
1610 2253 1856 2289 collectione

177 2318 360 2355 omnium
398 2319 518 2357 simul
566 2319 1013 2364 praedicamentorum.
1066 2319 1280 2364 pluraliter
1325 2319 1491 2364 quidem
1539 2318 1858 2365 generalissima

177 2393 401 2428 possumus
428 2384 632 2430 accipere.
683 2384 786 2420 Nam
822 2385 1000 2421 fortasse
1041 2384 1081 2420 in
1119 2384 1293 2431 singulis
1331 2384 1683 2430 praedicamentis
1720 2384 1857 2420 media

177 2458 259 2485 non
300 2452 404 2489 sunt.
433 2449 540 2486 sicut
571 2450 611 2486 in
648 2450 717 2486 Ad
744 2449 936 2495 aliquid
965 2450 1140 2491 videtur.
1175 2450 1304 2495 quod
1344 2450 1473 2486 alias
1514 2450 1856 2489 ostendemus,

125 2534 159 2559 ³5
179 2516 350 2560 propter
376 2515 485 2560 quod
513 2515 671 2551 scilicet
698 2515 788 2560 ipse
816 2515 1122 2560 Porphyrius
1144 2516 1183 2552 in
1206 2516 1479 2561 sequentibus
1500 2515 1624 2552 dicet:
1653 2515 1854 2560 Si'plura

177 2580 262 2616 sint
302 2580 443 2616 media
483 2580 526 2616 ἱη
561 2581 859 2617 subalternis-'h
933 2581 1002 2617 Est
1041 2584 1197 2617 (mrem.
1250 2581 1619 2618 Generalissimum
1661 2580 1857 2617 describit

179 2644 323 2681 dicens
350 2645 447 2681 illud
474 2654 571 2682 esse
599 2655 731 2692 genus
758 2656 886 2691 supra
919 2647 1029 2692 quod
1058 2649 1134 2683 etc.
1186 2647 1273 2683 Nisi
1301 2647 1409 2683 enim
1438 2656 1572 2692 genus
1606 2655 1856 2691 praeponas.

179 2709 264 2746 enti
307 2712 348 2746 et
387 2710 523 2746 multis
561 2711 654 2747 aliis
688 2712 945 2749 conveniret.
996 2712 1346 2758 Specictlissima⁴
1375 2714 1450 2748 etc.
1502 2712 1608 2748 Nota
1647 2712 1751 2747 haec
1788 2721 1856 2746 no-

179 2775 291 2812 mina
317 2776 678 2821 generalissimum
705 2779 746 2813 et
774 2777 1119 2822 specialissimum
1155 2778 1275 2823 quasi
1309 2778 1565 2822 superlativa
1599 2786 1696 2812 esse
1731 2787 1755 2812 a
1788 2786 1856 2821 ge-

323 2899 365 2930 13
392 2898 672 2939 specialissimis
697 2898 728 2931 A

321 2970 331 2991 ¹
360 2970 522 3009 Boeth.,
551 2970 572 3002 l.
600 2979 640 3006 c..
669 2979 702 3011 p.
731 2970 854 3003 20:3¹³.
952 2970 967 2993 “²
994 2972 1158 3010 Boeth.,
1187 2972 1208 3004 I.
1237 2981 1276 3009 0.,
1305 2980 1338 3012 p.
1368 2971 1434 3004 207
1453 2970 1474 3003 ¹.

317 3029 333 3050 ³
360 3030 520 3066 Boeth.,
548 3029 569 3061 1.
595 3038 635 3066 r..
664 3039 698 3070 p.
721 3030 833 3062 2311υ
859 3032 907 3068 ‚et
927 3031 1170 3066 subalterna‘:
1207 3033 1253 3066 ‚et
1280 3031 1326 3063 de
1347 3030 1580 3063 subalternis·
1604 3031 1714 3063 varia
1737 3031 1855 3066 lertio,

319 3089 331 3110 ⁴
361 3090 522 3128 Boeth.,
551 3089 572 3122 I.
601 3098 641 3127 r..
670 3098 703 3130 p.
732 3087 843 3122 20517
871 3090 1220 3131 ,specialissimum‘2
1248 3090 1521 3131 specialissima
1549 3089 1656 3122 lectio
1682 3091 1806 3123 varia.
