2200 3387
499 251 528 283 2.
559 251 622 283 Die
650 251 806 283 Glossen
836 260 879 283 zu
907 251 975 282 den
1006 250 1239 290 Kategorien.
1271 270 1309 272 —
1342 250 1392 282 Dc
1420 251 1634 283 substantia.
1847 248 1912 281 158

239 356 320 382 non
351 347 561 383 denotant.
614 347 659 383 Et
681 348 758 383 hoc
781 349 845 384 cst
867 347 976 392 quod
1001 347 1176 382 intendit
1197 346 1360 382 dicens:
1391 347 1480 382 Non
1505 350 1561 382 vs!
1583 350 1739 384 aulem.
1769 347 1805 382 id
1830 349 1911 383 est:

236 421 342 450 ‚esse
371 412 409 448 in
432 413 632 449 subiecto·
662 422 742 448 non
765 422 789 448 a
811 412 910 448 solis
931 412 1174 447 substantiis
1196 414 1446 447 removetur.
1490 413 1614 456 Bilws
1635 413 1760 447 enim.
1804 412 1911 448 Vere

236 487 316 512 non
346 479 407 513 est
435 479 591 513 tantum
620 477 945 513 substantiarum
981 486 1062 512 non
1099 486 1196 513 esse
1234 477 1272 512 in
1311 477 1511 514 subiecto.
1540 478 1648 522 quod
1687 479 1751 513 ost
1788 478 1909 513 etiam

235 543 600 579 differentiarum1.
660 542 719 578 Ab
748 542 963 587 oppositis.
1016 541 1062 577 Et
1090 542 1167 578 lioc
1195 544 1274 578 est:
1316 525 1507 587 bipes'et
1540 542 1772 587 gressibile.
1809 543 1912 578 llaec

199 615 215 638 ⁵
238 608 417 648 nomina,
455 609 493 644 in
527 609 638 644 nullo
667 610 762 644 sunt
797 608 986 644 subiecto
1023 609 1220 652 quantum
1261 608 1313 643 ad
1355 607 1717 653 significationem.
1759 608 1911 652 quippe

236 683 317 709 non
346 673 583 719 significant
609 673 909 710 accidentalem
937 673 1123 709 formam.
1177 673 1295 713 Quod
1330 674 1469 708 autem
1504 672 1687 717 apponit.
1718 672 1827 717 quod
1863 673 1912 707 dc

235 738 424 775 subiecto
452 739 653 777 dicuntur.
690 738 727 774 id
766 739 830 774 est
863 738 902 774 in
938 738 1173 774 substantia
1210 737 1506 783 praedicantur
1541 738 1592 773 de
1630 738 1708 773 hoc
1747 737 1912 773 nomine

236 804 370 843 homo.
405 804 501 840 nihil
529 805 579 841 ad
609 804 948 849 propositionem,
988 804 1062 840 sed
1091 803 1335 848 expressius
1365 805 1554 839 naturam
1583 803 1912 838 differentiarum

236 870 495 909 determinat.
523 879 627 914 quas
656 871 697 906 et
725 869 803 906 dici
832 870 883 905 de
911 869 1097 905 subiecto
1126 871 1169 905 et
1195 878 1278 905 non
1308 878 1405 905 esse
1440 868 1479 904 in
1517 868 1706 904 subiecto
1746 868 1914 904 demon-

186 939 216 963 10
236 936 349 973 strat.
377 935 417 971 in
446 944 526 980 quo
555 937 595 971 et
629 945 655 971 a
691 934 831 979 primis
869 936 909 971 et
947 935 998 970 ab
1039 934 1326 971 accidentibus
1360 934 1599 970 dividuntur
1639 935 1680 969 et
1720 942 1810 969 cum
1852 942 1915 969 se·

236 1000 382 1036 cundis
420 1000 665 1042 substantiis
703 1000 908 1036 uniuntur.
960 1000 1053 1035 Non
1091 1000 1207 1036 enim
1245 1000 1286 1035 ἱη
1330 999 1515 1035 homme.
1569 999 1677 1035 Vere
1718 999 1835 1044 bipes
1874 999 1915 1034 et

236 1065 451 1112 gressibile
485 1075 567 1101 non
602 1067 698 1101 sunt
734 1065 1012 1102 accidentalia
1048 1065 1264 1105 vocabula,
1293 1065 1391 1110 quia
1425 1065 1586 1100 formae
1620 1074 1724 1109 quas
1762 1063 1915 1109 signifi-

237 1131 343 1170 cant,
372 1139 453 1165 non
482 1131 577 1165 sunt
603 1129 896 1166 accidentales.
949 1129 982 1165 A
1010 1138 1151 1165 causa.
1204 1128 1323 1169 Quod
1351 1130 1490 1165 autem
1518 1138 1601 1164 non
1622 1128 1704 1164 sint
1725 1128 1916 1164 acciden-

236 1195 351 1232 tales.
380 1195 562 1231 ostendit
589 1204 663 1240 per
690 1195 911 1233 hominem.
939 1195 1004 1231 cui
1031 1195 1164 1240 magis
1198 1194 1481 1230 accidentales
1508 1193 1713 1233 videntur.
1743 1194 1839 1238 quia
1876 1193 1914 1228 In

186 1265 217 1289 ¹⁵
239 1270 289 1297 eo
317 1262 423 1301 sunt.
448 1261 453 1306 Ι
476 1270 599 1305 quam
627 1260 778 1297 ceteris
806 1261 942 1299 rebus.
976 1260 1016 1296 in
1053 1260 1200 1305 quibus
1236 1269 1320 1296 non
1355 1261 1461 1295 sunt.
1513 1258 1560 1294 Et
1594 1259 1672 1295 hoc
1712 1260 1793 1295 est:
1833 1268 1914 1294 non
1962 1283 1967 1288 .

238 1327 333 1363 sunt
366 1326 404 1362 in
438 1325 618 1366 homine,
651 1327 695 1361 ut
733 1325 893 1361 scilicet
931 1325 972 1361 in
1013 1325 1215 1365 subiecto.
1255 1325 1375 1370 bipes
1417 1326 1458 1361 et
1495 1324 1730 1370 gressibile.
1791 1323 1916 1359 Ratio

237 1402 413 1436 qnoque.
465 1391 554 1427 Duo
583 1391 685 1427 dixit
712 1391 763 1427 de
792 1390 1048 1431 differentiis,
1080 1390 1190 1435 quod
1218 1390 1411 1426 dicuntur
1446 1390 1497 1426 de
1526 1390 1748 1435 speciebus
1786 1390 1829 1425 ut
1865 1389 1915 1424 de

238 1457 427 1493 subiecto
455 1458 496 1492 et
529 1457 638 1502 quod
673 1456 713 1492 in
750 1456 861 1492 nullo
898 1458 995 1492 sunt
1026 1456 1226 1492 subiecto,
1279 1455 1398 1496 Quod
1435 1456 1573 1491 autem
1612 1455 1650 1490 in
1689 1454 1799 1490 nullo
1837 1454 1918 1490 sint

239 1522 439 1563 subiecto,
467 1522 548 1558 iam
577 1522 769 1567 probavit
796 1531 872 1567 per
899 1522 1052 1567 partes.
1104 1521 1220 1557 Nunc
1253 1521 1350 1557 illud
1384 1520 1565 1556 ostendit
1591 1520 1701 1565 quod
1729 1520 1919 1556 dicuntur

184 1591 220 1616 ‘2⁰
241 1588 291 1624 de
328 1587 551 1633 speciebus
587 1589 630 1623 ut
667 1587 718 1623 de
753 1587 954 1628 subiecto,
992 1587 1090 1631 quia
1124 1586 1284 1622 scilicet
1323 1596 1415 1622 cum
1457 1586 1619 1622 ratione
1658 1584 1917 1621 substantiae

241 1653 292 1689 de
319 1653 420 1699 ipsis
448 1653 752 1698 praedicantur.
804 1652 851 1688 Et
877 1653 956 1688 hoc
984 1653 1065 1688 est:
1102 1652 1221 1688 RatIO
1250 1661 1428 1697 quoque,
1465 1651 1504 1687 id
1541 1653 1606 1688 est
1642 1661 1724 1687 non
1760 1651 1917 1686 tantum

241 1728 394 1755 nomen
410 1718 685 1759 differentiae,
701 1727 844 1754 verum
865 1718 990 1754 etiam
1012 1717 1117 1754 ratio
1135 1717 1393 1753 substantiae
1410 1717 1510 1753 eius.
1564 1717 1622 1753 De
1642 1724 1917 1761 quocwnqw‘.

242 1784 324 1821 Sed
352 1784 517 1820 videtur
542 1784 704 1824 falsum,
733 1783 830 1828 quia
857 1783 890 1819 si
917 1783 1103 1819 dicamus
1141 1783 1230 1821 .hoc
1257 1782 1411 1818 animal
1438 1784 1500 1818 est
1526 1782 1728 1818 rationale
1757 1782 1822 1818 vel
1851 1792 1919 1827 po-

241 1852 335 1886 tens
363 1849 419 1885 uti
448 1849 632 1886 ratione‘.
670 1858 751 1884 non
788 1848 950 1884 videtur
983 1848 1023 1884 in
1053 1848 1286 1884 substantia
1322 1847 1566 1893 praedicari.
1618 1847 1698 1884 Sed
1737 1847 1831 1883 licet
1867 1848 1918 1883 de

186 1918 221 1943 ‘2⁵
243 1916 320 1951 hoc
347 1914 515 1951 animali
536 1914 739 1950 rationale
761 1923 844 1949 non
866 1913 1132 1958 praedicetur
1152 1913 1192 1949 in
1214 1913 1459 1951 substantia.
1481 1912 1633 1958 quippe
1656 1912 1745 1948 eius
1767 1922 1918 1949 sensus

242 1990 324 2016 non
361 1980 596 2016 continetur
631 1979 671 2015 in
712 1979 898 2015 subiecto
935 1979 1116 2019 nomine,
1156 1980 1296 2014 tamen
1335 1978 1521 2014 definitio
1558 1978 1773 2014 rationalis
1810 1988 1918 2023 quae

241 2045 528 2083 substantialis
555 2047 678 2087 <est>‚
707 2045 759 2081 de
786 2044 865 2081 hoc
892 2044 1061 2080 animali
1087 2044 1363 2089 praedicatur.
1426 2044 1538 2080 Velut
1564 2044 1614 2085 si,
1641 2043 1679 2079 id
1718 2045 1780 2079 est
1815 2053 1919 2081 cum.

240 2110 468 2155 messione.
522 2110 590 2146 Est
627 2110 755 2145 enim.
808 2109 920 2145 Vere
956 2109 1188 2154 gressibile.
1227 2109 1306 2144 hoc
1341 2117 1505 2149 nomen,
1545 2108 1596 2144 de
1636 2108 1714 2144 hoc
1754 2108 1919 2144 nomine

242 2177 365 2212 homo
393 2175 674 2221 praedicabile
703 2176 778 2214 est.
807 2174 903 2219 quia
930 2184 998 2210 res
1032 2174 1124 2219 ipsa
1161 2183 1269 2219 quae
1306 2174 1430 2210 homo
1468 2175 1544 2213 est,
1578 2176 1643 2210 est
1678 2173 1918 2219 gressibilis.

187 2250 223 2274 30
243 2242 276 2277 A
304 2251 441 2278 causa.

384 2306 663 2342 Notandum
692 2315 831 2345 vero,
866 2305 975 2350 quod
1004 2305 1203 2350 quidam
1237 2304 1545 2350 suprapositam
1582 2305 1917 2346 communitatem

243 2372 514 2410 substantiae.
543 2381 663 2416 quam
693 2372 733 2407 et
760 2371 1003 2407 substantiis
1024 2372 1065 2406 et
1086 2370 1333 2407 differentiis
1355 2370 1545 2416 assignat
1566 2379 1724 2414 easque
1747 2379 1820 2415 per
1842 2370 1920 2405 hoc

244 2438 296 2473 ab
324 2436 607 2473 accidentibus
634 2437 813 2481 separat,
851 2436 890 2472 in
919 2436 1068 2472 rebus
1103 2436 1181 2472 hoc
1217 2436 1321 2475 loco,
1359 2445 1441 2471 non
1478 2435 1518 2471 in
1555 2435 1771 2471 vocibus
1815 2434 1921 2471 acci-

245 2501 360 2547 piunt
386 2503 427 2538 et
453 2507 544 2537 cum
573 2501 700 2537 velint
726 2511 795 2537 res
822 2500 936 2546 ipsas
960 2510 1067 2546 quae
1090 2500 1353 2537 differentiae
1375 2502 1479 2539 sunt.
1502 2500 1667 2536 fundari
1688 2501 1728 2536 in
1750 2509 1920 2545 genere.

190 2579 224 2603 35
245 2575 327 2603 non
356 2566 395 2603 in
424 2566 656 2612 speciebus,
685 2566 941 2603 differentias
969 2568 1108 2602 tamen
1135 2567 1176 2602 in
1206 2566 1394 2602 subiecto
1421 2576 1505 2602 non
1533 2575 1629 2602 esse
1662 2565 1803 2602 dicunt
1837 2575 1917 2601 non

246 2632 486 2677 simpliciter
505 2634 546 2668 et
568 2642 620 2668 ex
643 2633 740 2672 toto,
760 2632 834 2668 sed
854 2641 907 2668 ex
924 2633 1118 2677 respectu
1131 2642 1212 2677 quo
1229 2631 1492 2668 differentiae
1506 2633 1601 2667 sunt
1615 2631 1921 2669 substantiales.

246 2698 284 2734 id
313 2699 378 2733 est
404 2698 598 2742 respectu
626 2697 873 2742 specierum,
901 2706 1004 2742 quas
1025 2697 1293 2735 constituunt.
1322 2697 1470 2742 quibus
1493 2698 1589 2732 sunt
1610 2695 1919 2732 substantiales

390 2762 483 2798 Sed
511 2762 569 2798 ad
597 2762 720 2798 haec
747 2762 880 2800 dico.
909 2763 1019 2807 quod
1050 2762 1082 2798 si
1110 2762 1355 2798 differentiis
1382 2761 1550 2797 omnino
1579 2761 1808 2797 subiectum
1838 2771 1918 2796 non

247 2828 392 2867 aufert.
421 2838 501 2864 non
530 2827 711 2864 ostendit
732 2837 805 2864 eas
828 2828 904 2864 sub
926 2827 1222 2863 communitate
1245 2827 1569 2862 substantiarum
1593 2836 1714 2871 quam
1736 2826 1920 2863 dederat.

191 2904 226 2928 ⁴0
247 2893 408 2930 includi.
460 2893 560 2929 Cum
597 2893 705 2929 enim
734 2893 897 2928 dixerat
930 2892 1186 2928 substantias
1214 2901 1297 2928 non
1325 2901 1422 2928 esse
1461 2892 1499 2927 in
1535 2891 1735 2928 subiecto.
1774 2900 1921 2927 eonce-

248 2959 348 2995 dunt
375 2958 585 2995 hominem
613 2958 653 2994 in
682 2958 792 2994 nullo
821 2957 986 3003 penitus
1015 2957 1203 2994 subiecto
1233 2967 1341 2993 esse.
1394 2956 1512 2997 Quod
1550 2957 1584 2992 si
1621 2956 1802 2992 ostendit
1838 2966 1919 2992 non

394 3070 434 3101 17
463 3066 515 3108 utl
543 3070 606 3100 aut
631 3068 658 3100 A
785 3068 827 3099 22
855 3068 1006 3100 differre
1035 3068 1062 3100 A
1183 3067 1225 3099 27
1254 3067 1508 3099 substantialis
1536 3064 1607 3106 est]
1634 3066 1864 3098 substantiae
1892 3066 1918 3098 A

392 3138 401 3160 ¹
432 3139 483 3172 Cf.
511 3147 633 3180 supra
662 3139 700 3171 in
729 3138 874 3171 Glossis·
901 3146 1017 3178 super
1044 3138 1301 3179 Porphyrimn
1329 3147 1363 3178 p.
1392 3137 1488 3170 85³⁰.
