2200 3387
167 1251 189 1282 f.
218 1250 286 1282 33r

152 2198 288 2234 Boeth.

129 2256 162 2289 p.
176 2245 247 2279 250
261 2245 288 2280 C

311 245 379 280 236
711 246 818 278 Peter
843 240 1047 278 Abaelards
1074 239 1210 285 Logica
1236 236 1560 285 ,Ingredientibus‘.

311 344 466 379 habere
505 342 684 378 animam
723 341 1035 387 grammaticam
1075 340 1141 376 vel
1185 340 1430 376 rationalem
1470 338 1690 384 qualitates
1736 337 1973 382 accipimus.

311 409 520 445 Simulum·
546 409 700 443 (tutem.
751 406 975 451 Postquam
1009 405 1190 441 ostendit
1224 405 1446 450 passibiles
1481 403 1702 449 qualitates
1741 403 1781 438 in
1818 403 1981 438 natura-

311 474 415 509 libus
437 472 702 517 qualitatibus
724 471 901 508 animae.
925 471 1106 507 ostendit
1129 471 1251 506 etiam
1274 470 1314 506 in
1337 469 1647 514 temporalibus.
1693 467 1981 503 Alienationes

311 539 434 573 vocat
461 537 682 581 qualitates
710 545 817 580 quae
852 537 947 581 post
982 535 1242 571 nativitatem
1280 535 1386 575 sunt,
1421 533 1541 578 quasi
1580 532 1835 568 adventitiae
1875 531 1982 567 acci-

312 603 422 638 dunt.
474 601 605 637 Casus
644 603 767 637 vocat
804 600 1025 645 qualitates
1062 600 1180 635 huius
1217 599 1364 635 tertiae
1401 597 1626 638 maneriae,
1663 597 1769 633 sicut
1804 598 1980 641 supra1
2002 605 2017 629 5

312 667 538 703 docuimus.
592 666 770 701 Difficile
796 666 1124 709 praetereuntes.
1175 664 1249 700 Hic
1277 662 1449 708 apponit
1474 662 1558 698 vim
1584 661 1881 707 passibilitatis,
1908 670 1984 706 per

313 741 434 777 quam
456 731 676 777 passibiles
704 730 925 775 qualitates
953 739 977 765 a
1009 729 1275 775 passionibus
1304 728 1550 764 dividantur.
1604 726 1842 770 Qualitates
1872 727 1983 769 sunt,

313 797 470 834 scilicet
496 796 729 842 passibiles.
783 796 938 838 Quales
958 795 1086 837 enim,
1106 794 1312 836 <scilicet>
1333 793 1596 839 passibiliter.
1648 792 1683 828 A
1704 791 1982 836 descriptione

313 863 380 899 vel
419 863 469 898 ab
510 861 672 898 effectu.
726 861 1027 904 Quaecumque
1064 869 1174 895 vero.
1226 859 1450 903 Postquam
1489 857 1722 903 assignavit
1758 855 1980 902 passibiles

313 927 533 972 qualitates
550 926 777 962 secundum
800 925 1021 970 qualitates
1044 924 1209 960 animae
1231 925 1314 959 tam
1336 922 1548 959 naturales
1570 932 1692 967 quam
1714 921 1979 967 temporales,
2001 930 2035 957 ιο

313 992 500 1037 assignat
533 991 753 1036 passiones
792 992 833 1026 et
870 990 999 1034 ipsius
1038 989 1203 1025 animae
1243 988 1486 1025 accidentia.
1539 987 1606 1024 Sic
1642 987 1783 1033 iunge:
1820 986 1983 1022 Perma-

313 1059 461 1093 nentes
489 1056 679 1092 dicuntur
705 1055 926 1100 passibiles
956 1054 1190 1099 qualitates,
1229 1053 1303 1089 sed
1330 1052 1597 1089 transitoriae
1625 1053 1721 1088 sunt
1747 1051 1982 1097 passiones.

312 1121 359 1158 Et
394 1122 472 1157 hoc
506 1122 585 1157 est:
626 1130 733 1165 quae
767 1120 999 1155 inferuntur
1038 1128 1063 1155 a
1102 1118 1351 1155 transitoriis
1378 1139 1422 1143 ——
1451 1117 1597 1163 supple
1634 1118 1771 1153 extra:
1815 1115 1864 1152 Et
1901 1115 1982 1152 cito

316 1186 533 1221 transeunt
558 1206 604 1210 —
631 1183 897 1220 transitoriae
924 1183 1147 1228 passiones
1169 1182 1370 1218 dicuntur.
1421 1181 1508 1217 Hoc
1529 1182 1668 1217 autem
1690 1180 1799 1225 quod
1821 1180 1984 1225 supple-

311 1252 387 1287 tur.
410 1250 511 1286 satis
532 1249 645 1285 innui
661 1250 799 1294 potest
822 1248 826 1293 1
849 1250 933 1284 tam
955 1257 1008 1284 ex
1028 1246 1272 1292 praemissis
1296 1255 1420 1291 quam
1442 1255 1495 1282 ex
1517 1245 1799 1290 sequentibus.
1841 1244 1984 1281 Deter—
2004 1250 2038 1276 15

314 1315 485 1351 minavit
512 1324 691 1359 namque
719 1313 911 1359 superius
932 1313 973 1348 in
995 1311 1280 1348 accidentibus
1302 1310 1489 1356 corporis
1510 1310 1733 1355 passiones
1755 1319 1852 1346 esse
1876 1317 1984 1355 quae

314 1381 394 1417 cito
421 1381 648 1416 transeunt.
700 1378 760 1414 Ex
787 1388 838 1414 eo
866 1386 1031 1423 quoque
1060 1377 1169 1422 quod
1196 1376 1253 1412 ait
1284 1376 1326 1412 in
1362 1375 1553 1421 proximo
1590 1374 1832 1420 passibilem
1860 1373 1986 1419 quali-

314 1448 442 1482 tatem
468 1444 718 1481 immobilem
747 1453 855 1482 esse,
883 1452 958 1488 per
985 1442 1239 1479 contrarium
1264 1441 1398 1477 innuit
1424 1450 1522 1477 esse
1548 1440 1769 1486 passiones
1796 1439 1984 1476 mobiles›

314 1521 393 1547 nec
419 1520 503 1546 non
531 1520 584 1546 ex
612 1519 662 1545 eo
691 1509 801 1553 quod
829 1508 869 1544 in
897 1507 1090 1552 sequenti
1117 1506 1215 1543 dicit
1240 1516 1324 1542 non
1361 1506 1499 1542 solere
1536 1505 1616 1542 dici
1649 1504 1894 1541 iracundum
1930 1513 1985 1540 ex

314 1576 524 1622 passione,
564 1575 639 1611 sed
678 1574 813 1619 potius
852 1582 1023 1618 passum
1063 1571 1217 1617 aliquid
1257 1571 1308 1607 ad
1347 1571 1503 1612 horam,
1549 1571 1743 1616 patenter
1780 1570 1985 1606 monstrat
2004 1579 2039 1605 20

314 1641 536 1686 passiones
565 1640 718 1676 debere
746 1637 998 1683 subintelligi
1023 1637 1210 1673 mobiles.
1267 1636 1313 1672 Ut
1339 1636 1376 1672 εἰ
1403 1636 1499 1681 quis
1526 1635 1793 1678 iracundior,
1826 1634 1986 1671 scilicet

316 1715 439 1752 quam
467 1705 611 1745 soleat,
649 1706 691 1740 ut
728 1703 885 1739 scilicet
912 1702 1153 1739 transitoria
1178 1701 1239 1737 ira
1278 1701 1508 1737 denotetur.
1559 1700 1653 1736 Non
1691 1700 1818 1736 enim.
1870 1698 1987 1735 Com-

317 1771 486 1807 mendat
513 1769 749 1814 exemplum
778 1769 828 1804 de
856 1768 917 1804 ira
944 1769 1042 1803 nata
1069 1776 1123 1803 ex
1150 1766 1358 1812 passione,
1386 1766 1496 1811 quod
1522 1765 1717 1801 videlicet
1744 1764 1797 1801 sit
1822 1763 1986 1800 mobilis

315 1835 470 1880 passio,
498 1834 595 1879 quia
622 1834 791 1878 propter
817 1831 1052 1868 huiusmodi
1084 1831 1188 1867 iram
1225 1830 1506 1866 transitoriam
1541 1829 1576 1865 is
1614 1829 1683 1874 qui
1719 1838 1812 1865 eam
1847 1828 1986 1869 habet,

315 1910 398 1936 non
427 1899 533 1936 solet
560 1899 639 1935 dici
665 1898 901 1934 iracundus.
951 1897 1032 1933 Sed
1058 1896 1209 1940 moysis,
1260 1896 1295 1932 A
1322 1895 1508 1941 partibus
1533 1895 1585 1930 ab
1619 1894 1789 1930 effectu:
1842 1893 1983 1936 Quare
2002 1903 2037 1929 25

311 1965 548 2010 passiones.
600 1963 725 2000 Infert
752 1972 806 1999 ex
833 1962 983 1998 eodem
1011 1961 1164 1997 effectu
1186 1960 1296 2006 quod
1316 1960 1538 2006 passiones
1561 1960 1761 2001 dicuntur,
1785 1968 1870 1995 non
1889 1967 1987 2004 qua-

315 2031 465 2069 litates,
494 2029 651 2066 scilicet
677 2028 911 2074 passibiles.
963 2026 1076 2063 Sicut
1101 2028 1241 2062 autem
1269 2026 1319 2062 de
1348 2025 1470 2061 illatis
1498 2024 1765 2070 qualitatibus
1793 2023 1985 2065 ostendit,

315 2094 425 2139 quod
452 2094 533 2129 sint
567 2093 788 2138 passibiles
825 2091 1052 2137 qualitates
1088 2090 1155 2126 vel
1191 2089 1344 2135 passio,
1381 2089 1422 2124 in
1459 2098 1509 2125 eo
1543 2088 1654 2133 quod
1689 2088 1986 2133 permanentes

316 2161 411 2196 sunt
437 2159 505 2195 vel
532 2157 809 2197 transitoriae,
837 2157 894 2192 ita
922 2156 972 2192 de
1000 2154 1273 2192 inferentibus
1301 2154 1495 2200 intellige.

460 2224 671 2267 Quartum
693 2232 790 2258 vero
816 2231 960 2266 oenus.
1013 2221 1211 2261 Quartam
1233 2219 1461 2256 maneriam
1483 2218 1723 2263 qualitatum
1744 2216 1983 2263 ingreditur,
2005 2229 2040 2255 30

315 2290 357 2326 in
372 2299 453 2334 qua
468 2289 633 2334 quidem
648 2286 963 2332 comprehendit
985 2294 1129 2322 omnes
1151 2284 1487 2330 compositiones
1504 2293 1608 2329 quas
1628 2282 1811 2328 appellat
1830 2281 1986 2318 formas

317 2355 384 2391 vel
411 2354 579 2400 figuras,
608 2354 648 2389 et
675 2352 847 2397 insuper
872 2351 1041 2397 propria
1068 2360 1210 2386 eorum
1238 2349 1481 2390 accidentia,
1509 2349 1553 2384 ut
1579 2349 1676 2384 sunt
1695 2347 1900 2384 rectitudo
1920 2346 1988 2383 vel

318 2419 498 2455 curvitas
509 2426 516 2461 ;
554 2418 721 2463 proprie
753 2417 862 2453 enim
889 2417 979 2461 ipsa
1006 2414 1252 2460 compositio
1280 2415 1395 2450 recta
1423 2413 1570 2450 dicitur
1605 2414 1676 2449 aut
1717 2421 1856 2448 curva.
1906 2411 1988 2447 Aut

317 2485 496 2521 fortasse
512 2484 645 2519 forma
659 2484 699 2518 et
710 2482 843 2527 figura
859 2490 1004 2517 omnes
1019 2480 1239 2525 qualitates
1255 2479 1375 2515 huius
1389 2480 1562 2524 quartae
1577 2478 1791 2514 maneriae
1804 2485 1988 2522 compre-

318 2549 522 2591 hendunt;
558 2547 761 2584 rectitudo
788 2556 890 2582 vero
918 2547 988 2582 aut
1015 2545 1197 2582 curvitas
1225 2554 1309 2580 non
1343 2545 1437 2580 sunt
1463 2543 1514 2580 de
1542 2544 1688 2588 quarto
1715 2550 1884 2588 genere,
1911 2540 1986 2577 sed
2006 2547 2041 2573 35

320 2616 514 2659 quattuor
538 2612 764 2658 generibus
793 2611 1129 2656 superadduntur
1155 2610 1231 2646 sub
1259 2609 1469 2654 qualitate.

461 2678 542 2714 Sed
569 2686 678 2713 nunc
699 2676 796 2721 quid
817 2676 868 2712 sit
890 2675 1035 2717 forma,
1063 2675 1159 2720 quid
1180 2674 1325 2720 figura,
1347 2673 1684 2710 determinemus.
1734 2671 1782 2708 Et
1803 2672 1898 2708 sunt
1918 2669 1988 2716 qui

319 2745 493 2791 figuram
527 2744 679 2779 vocant
712 2741 1055 2786 compositionem
1092 2739 1279 2785 corporis
1310 2739 1409 2775 facti
1450 2739 1503 2775 ad
1544 2736 1988 2783 repraesentationem,

321 2811 425 2846 sicut
464 2807 807 2853 compositionem
844 2808 1007 2842 statuae
1046 2814 1154 2851 quae
1193 2804 1394 2841 Achillem
1432 2804 1735 2849 repraesentat.
1785 2801 1905 2838 Unde
1947 2801 1989 2836 et

321 2875 457 2910 statua
483 2872 575 2917 ipsa
600 2871 735 2917 figura
761 2870 919 2911 dicitur,
956 2869 1184 2906 secundum
1217 2868 1296 2904 hoc
1333 2867 1441 2912 quod
1474 2867 1584 2903 aliud
1618 2866 1781 2911 figurat,
1819 2873 1984 2910 compo·
2003 2872 2038 2897 40

462 2995 480 3026 8
502 2994 641 3026 scilieet
663 2991 805 3029 addidi,
829 2991 870 3023 rs.
893 2999 1015 3032 supra
1035 3000 1069 3031 p.
1092 2991 1158 3023 234
1168 2989 1198 3011 22
1315 2989 1356 3021 18
1379 2989 1471 3030 post
1489 2987 1710 3020 contrarium
1732 2986 1874 3018 lacuna
1892 2985 1934 3018 in
1953 2984 1983 3018 A

321 3055 362 3086 27
392 3051 542 3090 scilicet]
570 3051 636 3083 sed
664 3050 692 3082 Α
817 3050 859 3081 34
890 3047 1060 3090 quartae]
1086 3049 1216 3081 tertiae
1240 3047 1270 3080 A
1393 3047 1435 3080 39
1463 3046 1789 3087 reprehensionem
1811 3043 1843 3076 A

462 3123 473 3145 ¹
503 3123 553 3155 Cf.
580 3128 703 3162 supra
730 3130 764 3161 p.
792 3119 914 3153 23410.
