2200 3387
334 236 402 271 256
737 237 844 270 Peter
869 235 1074 269 Abaelards
1101 235 1237 277 Logica
1263 234 1588 276 ‚Ingredientibus‘.

333 336 481 379 potest.
534 332 652 372 Quod
679 333 712 368 si
733 341 808 378 per
828 332 951 368 alium
972 332 1157 372 haberet,
1185 331 1253 377 qui
1274 341 1366 368 eum
1389 331 1648 374 collocasset,
1670 335 1809 369 tamen
1831 333 1999 370 omnino

333 398 443 435 aliud
471 400 583 434 esset
611 397 744 434 sessio
774 406 897 442 quam
933 398 1023 443 ipsa
1049 397 1190 442 passio
1225 396 1427 434 collocati.
1461 406 1568 442 quae
1603 397 1742 434 statim
1774 398 2001 443 praeterita

333 466 407 500 est.
459 463 631 499 Videtur
658 465 795 499 autem
823 462 917 498 huic
952 462 1291 507 praedicamento
1326 461 1429 497 situs
1463 471 1599 507 neque
1633 462 1908 499 contrarietas
1943 462 2000 499 in-

334 538 430 565 esse
467 537 604 573 neque
641 527 907 572 comparatio.
959 526 1019 563 De
1057 536 1137 572 quo
1177 529 1317 562 tamen
1357 527 1697 571 praedicamento
1737 527 1792 563 nil
1831 527 2000 564 omnino

333 594 635 630 Aristoteles
659 592 812 631 definit,
842 593 915 629 sed
949 602 1000 628 ea
1025 594 1183 628 tantum
1212 592 1387 637 quaein
1413 591 1481 628 Ad
1502 592 1707 637 aliquid
1728 593 1779 629 de
1807 592 1870 629 his
1891 591 2001 629 dicta
2019 595 2037 621 ⁵

333 662 426 695 sunt
452 659 602 704 repetit
628 658 852 704 assignans
879 657 1063 694 breviter
1089 658 1235 698 locum,
1263 657 1332 692 ubi
1359 657 1410 693 de
1437 657 1500 692 his
1526 657 1702 703 scripsit.

807 811 878 851 De
910 810 1016 856 Ubi,
1050 810 1275 856 Quando,
1308 809 1524 850 Habere.

474 901 533 937 De
561 900 730 946 reliquis
758 900 888 936 tribus
916 899 1267 945 praedicamentis
1294 900 1335 935 in
1363 909 1413 936 eo
1442 900 1551 945 quod
1579 899 1679 936 satis
1701 909 1776 945 per
1806 909 1852 936 se
1873 899 2002 942 mani,

330 967 438 1003 festa
466 967 548 1003 sint
575 967 640 1002 vel
669 975 721 1001 ex
750 965 841 1001 aliis
867 965 1109 1001 tractatibus
1137 965 1225 1001 eius
1254 965 1431 1011 cognita,
1459 965 1513 1001 nil
1540 964 1652 1001 aliud
1679 965 1775 1001 dicit
1802 974 1923 1010 quam
1950 974 2002 1001 ea

331 1041 437 1077 quae
467 1031 568 1067 dixit
589 1030 792 1075 superius,
814 1030 882 1066 ubi
903 1030 1060 1066 scilicet
1081 1032 1303 1075 antequam
1332 1030 1384 1066 ad
1411 1030 1752 1075 praedicamenta
1773 1029 1999 1071 descendit,
2021 1033 2055 1059 10

331 1099 370 1132 et
398 1105 541 1132 eorum
569 1096 693 1131 etiam
721 1095 914 1140 exempla
935 1095 1084 1140 posuit,
1106 1104 1213 1140 quae
1234 1095 1300 1131 hic
1321 1104 1485 1140 quoque
1507 1095 1668 1140 repetit.
1721 1095 1839 1136 Quod
1860 1100 2000 1132 autem

330 1161 403 1197 ait:
443 1161 672 1197 calciatum
707 1169 790 1196 esse
821 1160 1035 1204 siqnitz'cat
1075 1161 1239 1203 habere,
1278 1160 1338 1196 sic
1377 1160 1531 1206 accipe,
1567 1163 1610 1196 ut
1648 1160 1863 1197 calciatum
1904 1168 1999 1197 esse

329 1236 480 1263 nomen
507 1227 559 1262 sit
585 1226 700 1262 vocis
728 1228 769 1262 et
796 1225 986 1266 nominis,
1013 1225 1170 1261 habere
1197 1234 1298 1261 vero
1326 1235 1478 1261 nomen
1506 1225 1559 1261 sit
1590 1225 1652 1261 rei
1685 1227 1726 1261 et
1758 1225 1997 1261 accidentis.

328 1292 407 1329 Ubi
433 1293 571 1328 autem
599 1291 655 1327 ait
683 1291 793 1337 quod
820 1290 1038 1327 calciatum
1067 1299 1164 1326 esse
1199 1290 1406 1336 significat
1438 1300 1527 1326 rem
1562 1290 1671 1326 illam
1707 1299 1815 1336 quae
1852 1289 1999 1326 dicitur

328 1358 495 1398 habere,
523 1357 766 1392 tantundem
794 1356 905 1392 valet
932 1357 1131 1400 quantum
1151 1355 1247 1391 illud
1270 1355 1379 1400 quod
1401 1365 1528 1401 supra
1547 1355 1696 1401 posuit,
1719 1355 1829 1400 quod
1852 1354 2000 1391 calcia·
2021 1358 2053 1384 ¹5

327 1424 412 1458 tum
439 1432 535 1458 esse
563 1424 627 1458 est
652 1422 821 1458 habere.

471 1487 690 1523 [bivero
719 1486 926 1533 significat
952 1486 993 1522 in
1028 1487 1132 1527 loco,
1167 1487 1208 1522 id
1245 1488 1309 1522 est
1346 1486 1643 1532 proprietatem
1680 1485 1899 1531 quandam,
1937 1494 1996 1521 se-

329 1552 507 1589 cundum
536 1561 659 1596 quam
687 1551 874 1587 subiecta
902 1550 1133 1587 substantia
1161 1552 1225 1586 est
1251 1550 1292 1586 in
1324 1550 1428 1586 1000.
1479 1550 1560 1586 Sed
1590 1550 1682 1586 alia
1715 1551 1810 1586 sunt
1841 1549 1906 1585 hic
1936 1558 1999 1585 re-

328 1617 537 1653 movenda
563 1626 673 1662 quae
701 1615 892 1662 superius
922 1615 1033 1651 dieta
1060 1617 1159 1651 sunt
1196 1615 1246 1651 de
1282 1615 1346 1651 his
1382 1616 1518 1657 rebus,
1556 1614 1665 1660 quod
1701 1614 1865 1659 quidem
1901 1613 1999 1650 dicit

329 1684 499 1727 propter
538 1681 715 1726 quando,
756 1681 807 1717 de
847 1690 926 1725 quo
963 1680 1030 1716 1110
1068 1690 1151 1716 11011
1190 1680 1340 1726 repetit
1380 1680 1626 1725 exemplum.
1677 1679 1737 1715 De
1758 1678 1999 1724 propositis
2019 1686 2053 1711 20

327 1748 484 1788 itaque.
537 1746 642 1787 Quia
668 1747 747 1782 hoc
775 1746 927 1782 dictum
955 1747 1019 1781 est
1046 1746 1097 1782 de
1125 1745 1188 1781 his
1217 1747 1257 1782 et
1291 1745 1340 1781 de
1378 1745 1482 1786 aliis,
1520 1754 1619 1791 ergo
1656 1744 1808 1781 dictum
1847 1745 1912 1780 est
1947 1743 1998 1780 de

329 1811 555 1856 propositis
584 1810 819 1856 generibus,
852 1810 931 1846 hoc
959 1811 1024 1846 est
1051 1809 1102 1845 de
1135 1810 1260 1846 rebus
1295 1809 1361 1845 vel
1397 1809 1569 1845 vocibus
1606 1809 1751 1845 decem
1786 1807 1997 1853 praediea·

328 1878 575 1912 mentorum.
626 1876 660 1911 A
687 1875 886 1921 partibus.
936 1874 983 1911 Et
1010 1875 1068 1911 ita
1095 1884 1203 1920 quae
1232 1875 1340 1911 dicta
1368 1876 1473 1915 sunt,
1496 1874 1716 1910 sufficiant.
1768 1872 1883 1914 Quae
1903 1872 1997 1909 ideo

325 1941 467 1987 tangit,
495 1951 548 1977 ne
576 1941 666 1986 quis
694 1940 864 1976 ulterius
890 1940 1020 1976 inhiet
1045 1940 1110 1976 1110
1136 1940 1189 1976 ad
1216 1941 1435 1976 tractatum
1463 1939 1907 1985 praedicamentorum.

467 2006 582 2042 Nunc
627 2007 764 2042 autem
809 2005 992 2041 breviter
1030 2006 1200 2040 naturas
1245 2004 1366 2040 trium
1409 2004 1842 2049 praedicamentorum
1886 2012 1993 2048 quae
2015 2012 2049 2037 25

324 2073 485 2108 restant
512 2071 642 2111 nobis,
679 2079 972 2116 percurramus
1006 2069 1253 2114 incipientes
1286 2079 1311 2105 a
1338 2069 1535 2111 Quando
1551 2071 1577 2105 1.
1628 2067 1825 2110 ‚Quando‘
1854 2067 1994 2113 itaque

324 2137 403 2173 hoc
429 2137 520 2172 1000
548 2145 700 2172 nomen
728 2135 929 2180 accipitur
956 2135 1215 2179 quarundam
1241 2134 1600 2179 <proprietatum>,
1635 2133 1863 2170 secundum
1890 2141 1994 2178 quas

323 2211 392 2238 res
421 2201 610 2238 dicuntur
638 2209 734 2237 esse
761 2200 802 2236 in
830 2202 1030 2245 tempore.
1081 2199 1141 2235 Ex
1179 2208 1229 2235 eo
1266 2199 1375 2235 enim
1413 2199 1522 2244 quod
1556 2197 1790 2234 substantia
1821 2197 1863 2233 in
1895 2198 1995 2234 tem—

324 2276 425 2312 pore
455 2268 529 2307 est‚
557 2265 742 2302 nascitur
769 2265 811 2301 in
842 2265 936 2310 ipsa
968 2264 1173 2310 quaedam
1206 2264 1452 2310 proprietas,
1487 2273 1594 2309 quae
1629 2263 1816 2309 ‚quando‘
1856 2262 1993 2308 appel-

323 2332 440 2372 latur,
468 2340 575 2376 quae
603 2331 771 2367 diversa
796 2339 864 2366 res
899 2331 963 2366 est
994 2332 1078 2366 tam
1117 2339 1141 2365 a
1176 2331 1364 2374 tempore
1403 2329 1506 2374 ipso,
1547 2328 1680 2375 gratia
1718 2327 1834 2364 cuius
1872 2326 1992 2369 inest,
2013 2338 2048 2363 30

324 2406 447 2442 quam
475 2406 499 2432 a
526 2405 720 2441 persona,
749 2395 813 2431 cui
839 2395 959 2431 inest.
1011 2394 1087 2431 Pro
1114 2394 1236 2430 huius
1270 2403 1434 2439 quoque
1468 2393 1635 2440 generis
1669 2392 1891 2438 speciebus
1924 2391 1994 2428 ad·

323 2461 468 2497 verbia
494 2462 713 2506 ponuntur,
740 2462 783 2496 ut
809 2460 944 2498 hodie.
965 2460 1066 2501 heri,
1087 2469 1189 2496 cras.
1239 2459 1287 2495 Et
1306 2459 1528 2500 attende,
1550 2458 1660 2504 quod
1679 2458 1775 2494 licet
1793 2457 1991 2494 hesterna

324 2526 412 2563 dies
441 2526 523 2562 iam
550 2526 602 2561 sit
629 2525 856 2570 praeterita
882 2525 948 2561 vel
976 2525 1159 2560 crastina
1192 2524 1280 2560 dies
1312 2524 1495 2560 nondum
1529 2524 1592 2563 sit,
1621 2523 1826 2568 quaedam
1853 2523 1993 2558 tamen

322 2591 602 2637 proprietates
631 2599 737 2635 quae
767 2590 955 2626 dicuntur
982 2589 1193 2630 ,Quand0‘,
1227 2591 1324 2625 ante
1352 2589 1432 2625 iam
1459 2589 1561 2634 ipsis
1595 2587 1839 2624 substantiis
1873 2595 1994 2632 prae-

323 2656 551 2692 sentialiter
577 2655 717 2691 insunt
742 2655 877 2700 gratia
903 2656 1145 2699 temporum,
1174 2663 1280 2699 quae
1309 2663 1391 2690 non
1420 2655 1525 2694 sunt,
1554 2663 1608 2689 ex
1629 2662 1679 2689 eo
1701 2651 1862 2688 scilicet
1882 2650 1991 2696 quod
2011 2661 2045 2685 35

321 2721 413 2766 ipsa
439 2720 673 2757 substantia
700 2720 841 2756 existit
867 2719 1070 2756 hodierna
1097 2719 1162 2755 die
1189 2720 1461 2764 permanente
1483 2718 1549 2757 vel
1567 2718 1704 2754 futura
1724 2718 1789 2753 est
1808 2716 1988 2753 crastina

322 2784 387 2820 die
424 2785 710 2829 permanente.
763 2783 899 2828 Saepe
936 2782 1045 2819 enim
1082 2783 1220 2819 causis
1257 2786 1389 2824 <n0n>
1426 2782 1704 2818 existentibus
1742 2780 1992 2826 permanent

322 2857 373 2885 ea
400 2858 506 2894 quae
535 2858 588 2885 ex
616 2848 677 2884 eis
705 2848 960 2894 contingunt,
987 2849 1029 2884 ut
1056 2848 1188 2893 pallor
1213 2849 1308 2893 post
1335 2847 1626 2883 infirmitatem.

462 2983 481 3015 6
504 2984 595 3024 post
620 2983 739 3015 locum
767 2982 911 3015 lacuna
931 2983 972 3014 in
993 2982 1072 3014 cod.
1172 2981 1215 3013 26
1243 2979 1413 3021 Quando]
1435 2981 1464 3018 Q
1487 2980 1587 3013 deest
1605 2980 1647 3013 in
1661 2979 1741 3012 eod.
1840 2978 1883 3011 27
1904 2986 1988 3019 pro-

319 3042 516 3083 prietatum
545 3041 697 3079 addidi,·
723 3041 765 3074 cs.
794 3050 827 3073 v.
861 3041 904 3073 29
980 3042 1022 3073 37
1045 3050 1115 3073 11011
1139 3038 1397 3081 existentibus]
1425 3039 1663 3081 pereuntibus
1682 3038 1812 3071 Abael.
1833 3037 1987 3070 Dialect.

462 3111 473 3133 ¹
500 3112 665 3150 Abael.,
693 3111 847 3145 Dialect.
876 3111 898 3143 l.
926 3120 965 3150 c.‚
994 3120 1027 3152 p.
1058 3111 1135 3144 196.
