2200 3387
311 213 354 247 42
723 215 829 246 Potor
856 215 1059 247 Abaclards
1087 215 1221 256 Logica
1248 214 1571 255 ,ingredientibus‘.

312 321 401 347 cum
431 310 610 346 ostendit
638 311 741 347 alias
769 311 1043 349 subalternas.
1080 311 1183 347 alias
1211 311 1536 356 specialissimas
1567 312 1607 348 et
1633 311 1967 357 praedicationes

315 379 578 420 utrorumque
607 377 647 411 et
674 376 872 420 pleraque
899 376 991 412 alia.

454 440 565 476 Sicut
592 442 728 476 autem
757 441 923 486 generis
950 441 1337 486 aequivocationem
1364 441 1619 482 monstravit,
1652 441 1709 477 ita
1735 442 1776 478 et
1803 441 1969 486 speciei,

313 505 539 541 ostendens
567 505 725 541 scilicet
745 506 822 542 hoc
850 506 1015 542 nomine
1044 506 1207 551 species
1230 506 1309 542 duo
1338 506 1499 547 includi,
1527 506 1684 542 scilicet
1710 506 1970 551 compositio-

313 580 405 605 nem
440 570 656 606 cuiuslibet
688 570 897 607 individui.
934 571 1159 607 secundum
1187 581 1308 615 quam
1337 571 1508 607 dicimus
1534 571 1711 616 aliquem
1747 571 1970 608 terribilem
1989 578 2006 604 5

313 635 464 680 specie.
502 637 542 671 et
578 635 904 681 philosophicam
942 636 1137 681 speciem.
1177 636 1227 672 de
1264 646 1345 681 qua
1383 636 1567 672 intendit.
1619 636 1970 681 Compositionem

313 702 450 736 autem
488 710 708 746 possumus
742 701 932 746 accipere
972 701 1061 737 sive
1101 710 1154 737 ex
1193 700 1400 737 conventu
1439 701 1615 746 partium
1651 701 1692 737 in
1728 701 1968 746 quantitate,

313 766 418 802 sicut
445 776 497 802 ex
525 766 719 802 membris
747 767 1090 812 coniungentibus
1112 766 1327 807 Priamum,
1349 766 1438 802 sive
1460 776 1513 803 ex
1535 766 1826 803 informatione
1847 776 1972 813 appa-

314 831 486 867 rentium
527 831 814 869 accidentium.
863 832 1088 868 secundum
1128 841 1249 877 quam
1295 832 1383 877 ipse
1422 832 1603 868 maxime
1645 832 1894 868 disnoscitur
1931 833 1972 868 et

314 897 530 942 speciosus
568 897 633 933 vel
672 897 866 933 terribilis
905 897 1118 933 iudicatur.
1169 896 1216 932 Et
1251 897 1357 933 hanc
1395 897 1577 933 ultimam
1616 897 1971 942 compositionem,
1994 908 2026 934 ιο

314 971 420 1007 quae
449 963 499 997 ab
528 962 810 998 accidentibus
839 962 961 999 venit.
989 961 1251 998 Boethius¹
1288 962 1419 1008 magis
1453 962 1616 998 videtur
1647 962 1876 1004 attendere,
1903 962 1972 1008 qui

315 1028 369 1063 ait
397 1028 447 1063 de
474 1027 765 1072 Porphyrio,
800 1027 909 1071 quod
937 1026 1045 1063 dicat
1066 1027 1247 1072 speciem
1270 1027 1411 1063 vocari
1432 1027 1755 1073 uniuscuiusque
1784 1027 1971 1074 figuram,

314 1102 421 1137 quac
449 1102 500 1128 ex
529 1092 803 1128 accidentium
831 1092 1156 1137 congregatione
1184 1092 1406 1137 perficitur.
1780 1090 1783 1095 '

454 1157 500 1193 Et
527 1157 729 1193 attende
758 1157 866 1201 quod
894 1156 1001 1192 idem
1028 1156 1296 1193 Boethius2
1322 1159 1489 1201 praeter
1515 1157 1618 1193 duas
1645 1157 1972 1204 significationes

315 1223 480 1268 speciei,
497 1232 600 1267 quas
612 1222 915 1267 Porphyrius
931 1222 1056 1267 ponit,
1077 1222 1201 1258 aliam
1213 1222 1309 1258 dicit
1325 1232 1432 1263 esse,
1448 1232 1571 1267 quam
1587 1223 1971 1261 substantialem
1994 1233 2026 1258 15

314 1289 518 1324 formam
546 1288 737 1333 appellat,
766 1289 808 1323 ut
834 1287 1093 1323 rationalitas
1114 1289 1154 1323 et
1181 1287 1410 1323 mortalitas
1430 1287 1469 1323 in
1498 1287 1676 1327 homine.
1704 1297 1807 1332 quas
1833 1288 1973 1325 huma·

316 1354 455 1390 nitatis
483 1353 648 1389 nomine
676 1354 809 1390 vocat.
844 1362 894 1389 eo
927 1352 1121 1389 videlicet
1156 1353 1266 1397 quod
1301 1353 1522 1389 humanam
1559 1353 1831 1389 substantiam
1867 1362 1974 1390 com-

315 1419 465 1464 pleant.
494 1419 532 1454 id
561 1420 625 1454 est
650 1418 859 1454 hominem
886 1417 1159 1454 advenientes
1185 1417 1352 1454 animali
1378 1417 1597 1463 perficiant
1617 1417 1722 1454 sicut
1749 1417 1838 1454 eius
1860 1417 1973 1455 diffe-

315 1484 474 1520 rentiae
509 1483 812 1520 constitutivae.
864 1483 923 1519 De
961 1493 1041 1528 qua
1078 1483 1242 1528 quidem
1278 1483 1534 1519 humanitate
1570 1483 1659 1529 ipse
1692 1483 1750 1520 ita
1782 1483 1973 1530 ambigue

316 1549 503 1594 loquitur,
531 1550 574 1584 ut
595 1557 687 1584 eam
708 1548 888 1593 speciem
910 1548 1100 1584 animalis
1127 1557 1224 1584 esse
1251 1548 1442 1584 videatur
1467 1557 1664 1590 annuere,
1687 1548 1871 1585 dicens3:
1920 1547 1974 1590 ,Si
1993 1557 2028 1582 20

315 1624 415 1650 vero
443 1615 516 1650 sub
546 1614 711 1650 animali
739 1623 830 1650 eam
850 1613 1116 1659 intelligendo
1137 1613 1354 1655 locaveris,
1373 1613 1539 1650 deducit
1559 1613 1747 1650 animalis
1768 1613 1832 1656 <in
1854 1617 1974 1655 sese>

316 1679 673 1725 participationem
690 1680 991 1724 separaturque
1010 1688 1035 1714 a
1049 1678 1200 1715 ceteris
1216 1678 1463 1715 animalibus
1478 1687 1528 1715 ac
1540 1678 1587 1715 fit
1600 1678 1763 1724 species
1784 1679 1973 1725 generis.‘

316 1745 355 1781 In
385 1745 533 1789 quibus
560 1747 698 1780 tamen
727 1743 865 1780 verbis
892 1743 992 1780 nihil
1019 1744 1127 1780 aliud
1155 1744 1443 1780 demonstrare
1475 1743 1660 1783 intendit,
1692 1743 1771 1780 nisi
1798 1744 1975 1780 eandem

315 1810 623 1849 humanitatem,
652 1819 774 1855 quam
802 1810 914 1855 prius
942 1809 1125 1854 speciem
1153 1818 1248 1845 esse
1277 1809 1519 1845 ostenderat
1538 1809 1765 1846 secundum
1785 1810 1974 1845 naturam

316 1875 527 1911 essentiae
555 1885 668 1916 suae,
704 1875 744 1911 in
773 1884 854 1920 qua
881 1876 944 1911 est
971 1874 1159 1919 qualitas,
1187 1875 1363 1910 eandem
1390 1884 1486 1910 esse
1513 1874 1687 1910 formam
1715 1874 1974 1911 substantiae
1994 1883 2029 1909 25

315 1941 532 1982 humanae.
561 1949 667 1985 quae
695 1941 791 1976 tunc
818 1940 983 1976 deducit
1009 1939 1162 1975 animal
1188 1939 1506 1984 participatione
1531 1939 1573 1975 in
1605 1949 1662 1980 se,
1690 1939 1854 1985 quando
1882 1939 1975 1975 sub-

315 2006 492 2042 stantiae
520 2005 707 2041 animalis
734 2005 958 2050 copulatur.
1009 2004 1056 2040 Et
1084 2004 1192 2049 quod
1226 2005 1298 2040 ait:
1327 2005 1562 2050 ‚separatur
1587 2014 1612 2040 a
1644 2004 1794 2040 ceteris
1822 2003 1975 2040 anima-

317 2071 444 2111 libus‘,
474 2072 713 2115 separatur*
741 2070 1019 2115 impersonale
1052 2069 1177 2115 ponit,
1215 2079 1263 2105 ac
1296 2069 1331 2105 si
1368 2069 1539 2105 diceret:
1575 2069 1621 2105 fit
1655 2069 1866 2115 separatio
1900 2078 1975 2115 per

316 2146 408 2172 eam
436 2135 649 2171 cuiusdam
677 2135 867 2171 animalis
895 2136 946 2171 ab
974 2135 1064 2171 aliis
1091 2136 1214 2180 atque
1242 2135 1299 2170 ita
1324 2144 1399 2180 per
1425 2144 1517 2171 eam
1543 2134 1589 2170 fit
1610 2134 1774 2179 species
1793 2134 1974 2180 generis.

457 2201 660 2242 Quidam
692 2202 830 2237 autem
863 2201 971 2236 hanc
1003 2200 1356 2249 compositionem,
1409 2209 1515 2245 quae
1542 2199 1776 2236 humanitas
1816 2199 1973 2241 dicitur,
1994 2208 2029 2233 30

316 2267 436 2303 aliter
462 2266 678 2311 accipiunt,
711 2266 918 2310 quandam
954 2265 1110 2301 scilicet
1141 2265 1326 2306 formam,
1363 2274 1469 2310 quae
1506 2264 1744 2306 innascitur,
1777 2264 1834 2301 ita
1867 2265 1975 2301 hanc

317 2333 641 2371 substantialem,
669 2331 765 2376 quia
792 2341 816 2367 a
842 2330 1180 2367 substantialibus
1205 2330 1347 2366 formis
1373 2330 1497 2366 venit.

460 2398 539 2433 Sed
568 2397 746 2433 occurrit
772 2396 1022 2441 quaestio,
1048 2405 1140 2431 cum
1174 2395 1226 2431 sit
1260 2396 1393 2431 forma
1428 2395 1468 2431 in
1501 2395 1679 2437 homine,
1716 2397 1849 2431 utrum
1884 2395 1975 2431 sub-

318 2463 520 2499 stantialis
548 2473 599 2498 an
628 2462 908 2498 accidentalis.
959 2461 1040 2497 Sed
1068 2461 1102 2497 si
1130 2460 1426 2501 substantialis,
1449 2461 1655 2506 quomodo
1688 2470 1741 2497 ex
1768 2461 1975 2497 conventu

318 2528 647 2565 substantialium
682 2527 919 2567 innascitur,
953 2536 1044 2562 cum
1082 2526 1174 2571 ipsa
1212 2535 1375 2570 quoque
1411 2525 1464 2562 sit
1502 2535 1584 2561 una
1619 2525 1976 2562 substantialium?
1995 2531 2029 2557 35

319 2593 436 2633 Quod
473 2593 507 2629 si
546 2592 824 2630 accidentalis.
864 2592 1049 2637 proiecto
1089 2593 1233 2636 posset
1271 2591 1394 2626 homo
1435 2591 1524 2626 sine
1562 2590 1678 2632 <illa>
1716 2599 1974 2636 permanere.

319 2658 437 2699 Quod
463 2658 642 2694 fortasse
669 2657 821 2702 poterit
847 2656 1031 2693 concedi.
1083 2656 1149 2692 Sic
1175 2665 1355 2701 namque
1382 2655 1640 2691 rationalitas
1673 2657 1714 2691 et
1746 2655 1974 2692 mortalitas

318 2725 567 2768 ceteraeque
594 2722 752 2758 formae
777 2721 1072 2758 substantiales
1102 2721 1290 2762 hominis,
1321 2730 1395 2766 per
1424 2730 1527 2765 quas
1555 2721 1666 2757 solas
1693 2721 1816 2757 homo
1845 2720 1976 2757 subsi-

461 2826 478 2857 2
507 2827 700 2866 utrumque
727 2825 755 2857 A
867 2825 886 2856 3
915 2822 1027 2863 Sicut]
1054 2823 1090 2856 Si
1119 2824 1199 2864 quis
1226 2823 1254 2855 A
1378 2824 1396 2854 5
1425 2823 1546 2863 alique
1572 2822 1601 2855 A
1720 2823 1762 2855 10
1788 2820 1974 2862 terribilis]

319 2885 494 2925 temporis
520 2884 550 2917 A
672 2885 708 2916 21
742 2884 809 2915 sub
837 2883 983 2915 animali
1009 2882 1138 2915 Boeth.
1164 2881 1396 2914 substantiali
1422 2881 1452 2913 A
1514 2881 1696 2913 locaveris
1722 2881 1849 2913 Boeth.
1877 2881 1975 2913 locu-

319 2946 376 2976 tus
402 2943 431 2976 A
495 2944 529 2976 in
557 2952 640 2975 sese
669 2942 802 2975 addidi
827 2951 869 2974 ez
889 2941 1046 2974 Boethio
1067 2941 1109 2973 οἰ.
1133 2950 1163 2972 ι).
1185 2942 1230 2973 26
1336 2941 1378 2972 24
1407 2940 1577 2973 ostendat
1595 2939 1624 2972 A
1724 2939 1767 2972 27
1795 2948 1838 2972 ac
1857 2940 1925 2972 cet.
1943 2939 1973 2972 A

319 3004 358 3035 31
386 3003 475 3043 post
500 3002 699 3034 innascitur
726 3002 888 3033 sortasse
914 2999 1106 3040 quaedam
1131 2999 1176 3032 de
1203 3000 1328 3032 forma
1355 2999 1581 3031 accidentali
1606 2999 1752 3031 omissa
1777 3000 1875 3032 sunt.

462 3072 471 3094 ¹
500 3074 659 3111 Boeth.‚
689 3073 731 3105 In
759 3072 896 3112 Porph.
924 3071 979 3104 ed.
1008 3071 1045 3109 ΙΙ,
1072 3080 1106 3111 p.
1135 3066 1295 3103 2003-4.
1405 3069 1419 3091 '2
1445 3070 1606 3108 Boeth.‚
1634 3069 1656 3101 l.
1685 3079 1724 3108 0.,
1752 3078 1784 3110 p.
1814 3069 1880 3102 200
1894 3064 1974 3102 7-8.

459 3132 474 3153 3
500 3133 659 3170 Boeth.‚
688 3132 709 3164 l.
738 3141 776 3169 c.,
805 3141 837 3172 p.
867 3126 1059 3164 20015-18.
