2200 3387
526 219 550 248 1.
582 215 646 248 l)ie
674 215 829 247 (llosseu
859 224 900 247 zu
930 212 1163 254 Porphyrius.
1193 230 1233 234 —
1266 213 1315 245 lle
1343 212 1560 245 differentia.
1840 210 1886 243 {55

357 313 437 349 Sed
466 323 555 349 cum
587 313 713 349 velint
741 320 863 347 omne
892 311 1144 346 individuum
1175 321 1248 355 per
1275 310 1508 346 accidentia
1530 310 1649 347 effici,
1678 310 1886 355 oportebit

216 387 358 414 rursus
387 379 516 423 ipsam
540 378 825 413 socratitatem
855 386 929 421 per
951 376 1156 420 propriam
1186 377 1358 411 formam
1390 373 1497 411 effici
1527 378 1567 411 et
1603 375 1708 410 illam
1739 375 1884 411 iterum

216 453 289 488 per
310 444 430 479 aliam
455 453 586 488 usque
610 443 646 478 in
672 442 884 478 Infinitum.
928 441 1201 476 Praeterea
1224 441 1256 475 si
1284 450 1432 475 nomen
1457 440 1638 475 Socratis
1660 440 1886 476 accidentis

213 508 519 552 designativum
561 507 699 544 velint.
740 516 820 542 non
863 506 993 550 magis
1032 505 1227 541 individui
1269 505 1446 540 bominis
1493 515 1614 549 quam
1653 505 1728 542 ‚bie
1765 506 1886 540 bomo

180 584 194 604 r.
217 574 344 609 albus·
375 583 450 609 nec
480 573 557 609 iam
587 572 862 608 substantiale
891 571 1135 607 vocabulum
1160 573 1232 608 est.
1260 580 1351 606 cum
1374 570 1570 606 accidens
1591 572 1716 606 notet.
1772 570 1888 605 {tnuv

164 907 194 930 lo

166 1231 195 1255 ¹⁵

164 1558 198 1582 20

166 1883 199 1908 2⁵

169 2211 191 2233 :ll
198 2213 203 2230 l

172 2679 205 2703 :35

216 648 288 683 pro
318 638 463 674 eodem
501 638 666 683 penitus
701 637 805 673 baec
843 637 922 672 duo
960 637 1127 672 nomina
1165 636 1359 672 Socrates
1397 639 1437 672 et
1474 635 1538 671 bic
1576 636 1697 671 bomo
1736 636 1773 670 in
1812 636 1888 671 bac

214 707 304 740 arte
332 703 557 748 accipimus
586 705 626 739 et
655 703 803 738 nullius
830 702 1058 738 accidentis
1088 701 1273 737 socratis
1301 701 1563 746 designativa
1597 710 1692 736 esse
1728 701 1791 736 bic
1820 711 1888 736 vo-

220 769 467 806 lunn1s,sed
497 771 651 804 tantum
682 768 857 804 bominis
894 767 1170 803 substantiam
1208 767 1247 802 in
1285 766 1495 811 personali
1533 766 1784 802 discretione
1821 766 1887 801 de·

215 833 395 877 signare.
448 832 488 867 Si
517 832 607 876 quis
637 835 773 868 tamen
803 832 854 867 ad
883 831 1230 877 significationem
1252 840 1417 875 quoque
1439 830 1714 866 accidentium
1738 839 1886 865 nomen

216 896 400 932 Socratis
428 897 686 941 detorqueat.
715 906 797 931 non
827 896 921 931 licet
948 896 1120 931 alteram
1150 894 1328 930 nominis
1355 894 1643 939 acceptionem
1671 893 1773 931 fieri.
1811 893 1883 929 sed

217 961 321 997 inea
337 961 644 1006 significatione
661 971 752 997 eam
770 970 851 996 non
868 960 1035 1005 proprie
1052 959 1228 995 bominis
1242 959 1493 995 individuum
1511 959 1590 995 dici
1606 958 1890 994 concedimus,

357 1026 589 1062 Notandum
618 1026 742 1062 etiam
771 1026 880 1071 quod
917 1026 989 1061 ait:
1037 1025 1263 1064 ‚Individua
1307 1024 1565 1061 huiusmodi:
1614 1024 1654 1060 id
1691 1026 1755 1060 est
1792 1023 1890 1060 indi-

216 1092 339 1127 vidua
367 1092 640 1129 substantiae.
683 1091 835 1136 quippe
875 1101 966 1127 cum
1001 1093 1236 1127 ceterorum
1270 1089 1703 1135 praedicamentorum
1748 1090 1891 1125 indivi-

216 1157 297 1193 dua
331 1167 412 1192 non
449 1157 503 1192 ita
540 1157 861 1202 proprietatibus
899 1156 1046 1192 iterum
1074 1155 1367 1201 informantur.
1406 1157 1447 1191 ut
1484 1155 1523 1190 in
1562 1155 1763 1190 Infinitum
1801 1165 1892 1200 pro-

217 1221 417 1266 prietates
445 1221 735 1256 extendantur.
791 1221 879 1256 llcw
913 1231 1006 1256 vero
1031 1220 1320 1265 proprietates
1355 1230 1465 1264 quae
1503 1220 1704 1255 hominis.
1756 1218 1802 1254 Et
1839 1229 1891 1255 ne

218 1296 302 1322 rem
331 1286 621 1331 acciperemus
649 1295 756 1331 quae
785 1286 931 1322 eadem
955 1287 1019 1321 est
1040 1295 1131 1321 cum
1154 1286 1278 1321 rebus
1301 1285 1617 1323 individuorum.
1640 1284 1752 1320 addit
1774 1294 1892 1321 ,com—

219 1352 376 1389 munis.
414 1352 492 1387 boc
526 1354 590 1387 est
628 1351 877 1387 universalis
918 1351 1106 1389 nominis.
1135 1351 1245 1395 quod
1280 1352 1344 1386 est
1378 1350 1511 1386 homo.
1564 1350 1745 1385 Eaedem
1774 1349 1890 1385 simul

217 1417 419 1461 pluribus
446 1417 597 1454 insunt,
627 1416 820 1452 videlicet
849 1416 1016 1452 nomina
1044 1415 1269 1454 ‚rationale
1305 1415 1489 1451 mortale·
1518 1424 1543 1450 a
1570 1415 1892 1460 proprietatibus

218 1484 391 1527 sumpta,
410 1484 450 1518 et
471 1482 569 1527 quia
590 1482 756 1518 dixerat
779 1482 828 1520 ,in
851 1481 1060 1526 pluribus.
1078 1491 1129 1517 ne
1152 1481 1245 1516 ideo
1268 1480 1490 1518 videretur.
1515 1480 1611 1525 quia
1642 1489 1723 1515 non
1753 1482 1894 1516 essent

220 1546 259 1582 in
296 1546 498 1584 omnibus.
526 1547 680 1583 subdit:
711 1547 862 1591 malms,
895 1547 934 1583 id
963 1548 1025 1583 est
1051 1546 1210 1584 melius.
1244 1546 1384 1582 dicere
1412 1555 1581 1590 possum
1619 1546 1661 1581 z'n
1696 1546 1895 1581 omnibus

219 1611 479 1647 hominibus.
505 1611 509 1656 Ι
533 1611 786 1647 Continetzo·
809 1611 951 1655 mitur.
997 1610 1185 1656 Epilogat
1207 1610 1392 1646 breviter
1413 1610 1522 1655 quod
1550 1609 1726 1647 dixerat.
1754 1609 1813 1645 sic
1841 1609 1898 1644 in-

219 1676 379 1712 ferens:
418 1676 760 1721 Quandoquidem
801 1676 951 1712 diffuse
991 1676 1042 1712 de
1079 1675 1393 1721 praedicatione
1420 1675 1486 1711 vel
1522 1674 1780 1710 subiectione
1813 1674 1895 1719 egi-

221 1750 323 1777 mus,
347 1750 448 1785 ergo
470 1740 655 1776 breviter
675 1740 967 1785 recolligamus
996 1749 1103 1784 quae
1131 1739 1321 1775 diximus.
1372 1739 1406 1774 A
1428 1748 1557 1774 eausa
1579 1738 1643 1774 vel
1667 1738 1892 1774 secundum

221 1805 415 1850 exempla
449 1814 473 1840 a
508 1804 692 1849 partibus
725 1804 797 1840 fiat
830 1804 968 1840 illatio.
1027 1804 1175 1839 Totam
1203 1804 1329 1839 enim.
1382 1802 1533 1838 Probat
1572 1804 1746 1847 utraque
1787 1811 1894 1847 quae

221 1869 334 1906 dixit.
363 1869 473 1914 quod
501 1869 661 1905 scilicet
687 1868 900 1904 individua
922 1868 998 1904 sub
1020 1868 1162 1913 specie
1185 1869 1290 1908 sunt,
1314 1867 1478 1912 species
1502 1867 1576 1902 sub
1599 1876 1754 1911 genere
1777 1866 1894 1911 quasi

222 1937 374 1979 partes.
403 1934 499 1979 quia
526 1934 685 1970 scilicet
711 1943 844 1979 genus
873 1936 936 1969 est
964 1935 1091 1969 totum
1121 1933 1355 1978 specierum
1393 1934 1434 1968 et
1467 1932 1632 1977 species
1668 1931 1896 1967 individuo-

223 2009 322 2036 rum.
375 2000 408 2035 A
437 2000 634 2036 relativis.
687 1999 768 2035 Sed
792 2009 900 2044 pars
927 1999 1096 2044 quidem
1127 1999 1318 2039 alterius,
1344 1998 1423 2034 hoc
1451 2000 1516 2034 est
1543 1997 1722 2044 generis.
1760 1999 1892 2032 totum

226 2076 320 2101 vero
351 2076 434 2101 non
474 2065 673 2103 eiusdem.
708 2065 782 2101 sed
818 2065 932 2106 aliis,
968 2065 1047 2100 hoc
1084 2066 1149 2100 est
1185 2064 1420 2100 individuis.
1473 2063 1520 2099 Et
1560 2073 1660 2099 vere
1701 2063 1792 2099 aliis
1833 2065 1897 2099 est

223 2132 363 2169 totum.
391 2131 488 2176 quia
521 2131 707 2176 partibus
741 2132 805 2166 est
837 2132 977 2166 totum.
1030 2130 1063 2166 A
1098 2132 1215 2175 parte
1253 2130 1437 2166 aliorum.
1490 2129 1590 2165 Nam
1628 2131 1769 2174 partes
1808 2138 1896 2173 pro—

224 2195 312 2240 prie
341 2195 405 2231 hic
433 2195 593 2240 accipit.
622 2195 727 2230 sicut
753 2195 794 2230 in
822 2194 1204 2232 Divisionibus¹.
1233 2203 1341 2238 quae
1370 2203 1451 2229 non
1481 2195 1576 2229 sunt
1602 2193 1777 2237 speeies.

606 2363 955 2416 Tractatus
997 2362 1079 2414 de
1120 2360 1510 2414 differentia.

369 2469 616 2504 [asserentia
649 2479 753 2504 vero.
806 2467 887 2504 Cur
915 2470 1006 2512 post
1035 2466 1219 2512 speciem
1247 2465 1525 2502 differentiam
1563 2466 1712 2501 tractet
1749 2464 1898 2501 statim.

225 2544 530 2579 supervacuum
570 2536 634 2570 est
671 2533 821 2571 dicere.
856 2543 947 2569 cum
977 2533 1072 2568 illud
1101 2541 1267 2577 quoque
1296 2531 1482 2567 mirabile
1511 2530 1683 2568 videtur.
1717 2539 1790 2565 cur
1816 2539 1896 2565 non

225 2602 322 2635 ante
359 2599 541 2644 speciem
583 2601 842 2635 tractaretur.
883 2598 989 2634 sicut
1031 2607 1158 2642 supra
1195 2596 1456 2633 meminimus
1471 2599 1496 2631 2.
1549 2597 1651 2631 Ante
1688 2594 1897 2639 proprium

227 2674 328 2701 vero
357 2665 421 2700 vel
450 2664 645 2700 accidens
672 2666 785 2700 recte
815 2663 1049 2699 differentia
1083 2663 1258 2708 ponitur,
1293 2662 1389 2706 quia
1422 2661 1482 2697 eis
1517 2660 1760 2696 naturaliter
1787 2659 1898 2704 prior

228 2731 302 2766 est.
331 2738 421 2765 cum
452 2729 582 2774 ipsam
612 2739 777 2774 quoque
809 2729 991 2773 speciem
1016 2737 1136 2772 quam
1160 2727 1349 2772 complet.
1386 2725 1630 2762 naturaliter
1663 2725 1898 2769 praecedat.

229 2804 308 2839 qua
337 2794 473 2832 etiam.
502 2794 644 2839 specie
673 2794 842 2830 scilicet.
870 2794 938 2829 illa
965 2794 1045 2829 duo
1074 2793 1318 2828 naturaliter
1344 2794 1437 2827 sunt
1466 2790 1708 2835 posteriora.

374 2906 412 2936 1⁴
438 2906 470 2936 iu
498 2906 541 2949 Ag
568 2914 640 2937 om.
659 2905 718 2936 ΑΙ,
796 2906 836 2935 18
860 2901 994 2942 insunt!
1017 2911 1086 2934 uon
1110 2905 1193 2934 sunt
1212 2902 1236 2933 .·l
1316 2901 1421 2933 21-22
1441 2901 1548 2933 infert
1564 2901 1589 2932 Α
1676 2900 1719 2931 25
1742 2900 1832 2932 dixit
1857 2901 1902 2938 .l-„·

229 2965 314 2997 dicit
340 2966 363 2995 ,1
455 2965 498 2994 30
520 2973 590 2996 non
617 2965 662 3002 :¹2
683 2972 764 2996 nam
790 2964 815 2994 ,ί
903 2964 941 2994 31
967 2963 1085 2994 Tract.
1108 2962 1152 2993 de
1173 2961 1383 2993 differentia
1404 2960 1538 2992 addidi
1628 2960 1670 2990 :313
1694 2968 1801 3000 quam
1828 2959 1902 2997 .l.‚.l.

230 3034 302 3056 om.
331 3025 357 3056 A
411 3024 571 3064 complet
600 3023 678 3061 2421,
705 3023 908 3063 compleret
934 3022 961 3054 A

375 3095 382 3116 ¹
415 3095 575 3131 boeth..
606 3094 656 3126 lh»
682 3094 790 3125 divis.
821 3093 874 3125 ΡΙ,
902 3094 956 3129 64,
987 3102 1018 3132 p.
1048 3092 1170 3124 8871).
1269 3092 1283 3112 “-’
1311 3091 1362 3122 l'l'.
1391 3099 1523 3131 supro,
1553 3099 1584 3130 p.
1615 3090 1696 3122 41³¹.

304 3162 417 3189 lleitr.
440 3162 510 3189 xxi.
550 3163 689 3194 Geyer,
714 3161 882 3187 Abavlm-‹ls
903 3160 1009 3193 pbilos.
1032 3160 1190 3186 Sebrilten.
1741 3156 1759 3184 ἴ»

1923 1562 1945 1593 f.
1977 1563 2047 1594 101·

1925 1612 2017 1646 Boet
2026 1612 2060 1645 li.

1924 1670 1957 1702 p.
1971 1660 2042 1694 2:³⁴³
2052 1661 2066 1683 τ

1928 2447 2062 2482 Boou..

1927 2507 1960 2539 p.
1975 2495 2046 2529 2:35»
2056 2498 2083 2519 ¹³
