2200 3387
187 510 322 545 Boeth.

161 568 198 601 p.
213 557 322 593 flsssc

181 2844 317 2880 Boeth.

148 2902 184 2936 p.
200 2892 267 2927 287
284 2892 316 2927 1)

354 253 422 287 294
755 257 862 289 Peter
887 257 1092 290 Abaelards
1119 258 1254 299 Logica
1282 258 1606 300 ,Ingredientibus‘.

946 411 1017 451 De
1050 411 1211 451 modis
1245 412 1410 452 Simul.

491 517 631 553 Simul
659 521 813 554 autem.
866 519 996 555 Finito
1024 522 1200 556 tractatu
1228 520 1378 557 Prioris
1406 522 1556 558 tractat
1580 521 1706 558 Simul
1742 523 1890 563 statim,
1919 523 2015 568 quia

351 582 580 618 secundum
616 583 724 619 idem
761 583 886 620 Simul
923 586 963 620 et
998 584 1113 621 Prius
1150 585 1417 630 accipiuntur,
1455 588 1495 622 et
1522 588 1620 631 quot
1646 587 1778 623 modis
1806 587 1928 632 prius,
1955 589 2015 624 tot

351 647 483 683 modis
513 647 639 684 Simul
666 649 743 684 dici
771 651 919 694 potest,
956 650 1050 686 licet
1077 651 1166 695 ipse
1194 652 1352 686 tantum
1389 651 1493 687 duos
1529 652 1674 688 modos
1713 651 1840 688 Simul
1876 654 2014 698 ponat,

352 712 579 748 secundum
601 715 762 758 tempus
779 714 970 751 videlicet
992 717 1032 751 et
1053 716 1278 751 secundum
1301 718 1501 752 naturam.
1549 716 1884 762 Quibuscumque
1905 718 2015 754 enim
2035 728 2051 753 5

351 777 484 813 modis
511 778 686 814 alterum
712 780 926 823 praecedit
961 780 1144 822 alterum,
1182 781 1340 816 eisdem
1376 783 1515 826 potest
1551 782 1725 818 alterum
1762 782 1882 818 simul
1918 792 2014 819 esse

351 851 442 877 cum
480 843 621 879 altero.
662 853 743 879 non
782 845 913 880 solum
952 844 992 880 in
1029 846 1216 890 tempore
1255 847 1326 881 aut
1364 846 1404 882 in
1444 848 1601 887 natura,
1635 856 1779 883 verum
1817 847 1941 883 etiam
1973 847 2015 883 in

351 907 495 942 ordine
523 909 593 943 aut
619 908 659 943 in
688 909 897 954 dignitate.
950 909 1030 946 Sed
1067 910 1218 946 sufficit
1253 911 1385 957 magis
1425 913 1648 948 consuetas
1688 912 2015 957 significationes

352 969 476 1006 Simul
504 981 672 1016 ponere,
701 975 770 1008 aut
796 972 976 1009 fortasse
1004 974 1120 1009 vocis
1147 974 1330 1011 inventio
1359 976 1410 1011 ad
1435 976 1537 1012 alias
1560 976 1885 1022 significationes
1906 977 2015 1022 apud

352 1034 535 1071 Graecos
571 1037 845 1073 accomodata
878 1041 1008 1078 <non>
1046 1040 1144 1080 erat,
1182 1049 1275 1075 cum
1314 1041 1452 1076 tamen
1491 1041 1601 1086 apud
1640 1051 1717 1077 nos
1756 1041 2013 1087 frequentius
2036 1055 2068 1081 10

352 1099 477 1136 Simul
505 1101 731 1137 secundum
758 1102 894 1138 locum
922 1103 1185 1148 accipiamus,
1214 1106 1441 1141 secundum
1469 1106 1547 1142 hoc
1569 1106 1725 1142 scilicet
1746 1106 1856 1151 quod
1876 1107 2016 1152 aliqua

352 1165 499 1200 eodem
527 1165 618 1201 loco
647 1169 875 1211 aggregata
908 1169 1013 1207 sunt,
1048 1177 1169 1212 quam
1203 1169 1327 1205 etiam
1364 1169 1710 1215 significationem
1745 1171 1812 1207 hic
1848 1171 2014 1207 omnino

349 1230 647 1274 praetermittit.

493 1294 760 1335 Quaeritur
785 1299 935 1339 autem,
964 1298 1060 1343 quid
1088 1298 1213 1334 Simul
1249 1298 1454 1344 significet
1490 1300 1531 1335 in
1566 1302 1738 1345 utraque
1771 1301 2014 1346 acceptione

351 1369 452 1395 suae
480 1360 840 1404 aequivocationis
868 1371 991 1406 quam
1018 1362 1143 1407 ponit.
1194 1362 1241 1398 Et
1276 1363 1317 1398 in
1344 1363 1469 1408 priori
1497 1364 1661 1408 quidem
1688 1365 1932 1410 acceptione
1960 1365 2014 1401 vi·
2036 1374 2068 1398 15

351 1424 470 1460 detur
496 1434 648 1461 nomen
677 1435 773 1462 esse
801 1427 981 1462 omnium
1010 1437 1152 1463 eorum
1180 1437 1286 1473 quae
1314 1429 1462 1464 eodem
1489 1430 1676 1474 tempore
1696 1429 1808 1466 iacta
1834 1432 1928 1466 sunt
1948 1431 2015 1467 vel

351 1492 503 1531 creata,
540 1492 581 1527 et
612 1492 709 1527 tunc
736 1494 875 1536 potest
911 1501 1006 1528 esse
1044 1494 1249 1538 sumptum
1278 1493 1366 1529 sive
1394 1503 1418 1529 a
1445 1494 1622 1539 quadam
1662 1495 1802 1540 specie
1840 1494 2014 1536 Quando

350 1554 438 1591 sive
467 1566 491 1592 a
517 1556 719 1592 relatione
748 1557 937 1601 quadam.
989 1557 1090 1593 Cum
1117 1560 1255 1594 autem
1283 1557 1409 1594 Simul
1435 1558 1476 1594 in
1497 1560 1646 1595 natura
1672 1560 1895 1605 accipimus
1924 1561 2014 1597 sive

351 1623 548 1667 quantum
576 1621 627 1657 ad
664 1622 893 1658 naturalem
929 1622 1257 1667 permanentiam
1296 1623 1384 1659 sive
1413 1625 1609 1668 quantum
1636 1624 1689 1660 ad
1717 1625 1963 1662 divisionem
1989 1635 2014 1662 a

350 1687 552 1723 relatione
579 1689 749 1728 tantum,
778 1689 981 1732 sumptum
1012 1697 1108 1724 esse
1135 1688 1309 1724 videtur.
2033 1703 2068 1729 20

494 1752 763 1793 Quaeritur
789 1752 925 1793 etiam,
953 1754 1087 1788 utrum
1103 1752 1229 1789 Simul
1255 1753 1295 1789 in
1322 1755 1471 1790 natura
1491 1754 1768 1799 multipliciter
1789 1755 2015 1801 accipiatur

351 1817 402 1853 ad
437 1817 540 1853 duos
574 1817 731 1858 modos,
760 1826 864 1862 quos
899 1817 1121 1862 distinguit,
1161 1827 1213 1853 an
1253 1827 1307 1854 ex
1340 1819 1488 1854 eadem
1524 1828 1652 1855 causa
1691 1819 1743 1855 sit
1777 1820 2015 1865 impositum

350 1882 522 1928 utrique.
575 1881 656 1918 Sed
684 1882 780 1927 quia
806 1891 880 1927 pro
908 1892 989 1918 uno
1018 1882 1140 1918 modo
1167 1882 1470 1919 Aristotcles
1496 1884 1612 1929 ponit
1634 1884 1759 1920 Simul
1787 1885 2013 1922 secundum

350 1949 551 1987 naturam,
580 1947 620 1983 in
648 1957 728 1992 quo
756 1948 860 1983 duos
886 1947 990 1983 alios
1026 1947 1205 1989 includit,
1242 1948 1406 1984 videtur
1440 1959 1522 1985 uno
1561 1950 1683 1985 modo
1720 1949 1854 1995 accipi
1887 1949 2014 1987 Simul

349 2012 577 2049 secundum
609 2014 810 2052 naturam,
846 2022 895 2048 ac
931 2013 965 2048 si
1002 2013 1078 2048 sub
1113 2012 1387 2049 disiunctione
1424 2014 1607 2050 dicamus
1648 2014 1767 2050 simul
1806 2025 1900 2052 esse
1938 2025 2014 2061 per
2033 2021 2068 2047 25

347 2079 547 2117 naturam,
575 2076 684 2122 quod
712 2077 778 2112 vel
806 2076 925 2112 simul
953 2078 1016 2112 est
1043 2077 1270 2112 secundum
1299 2077 1566 2114 existentiam
1592 2079 1822 2114 naturalem
1849 2079 1915 2115 vel
1948 2089 2011 2116 se-

347 2140 526 2176 cundum
553 2141 800 2177 divisionem
828 2141 1014 2177 eandem.
1066 2140 1127 2176 Nil
1156 2141 1279 2176 etiam
1308 2142 1438 2182 obest,
1467 2142 1501 2177 si
1536 2143 1746 2186 tamquam
1782 2143 2012 2188 aequivoce

348 2205 474 2242 Simul
501 2215 665 2250 quoque
692 2215 768 2251 per
793 2208 982 2242 naturam
1010 2206 1061 2242 ad
1089 2206 1192 2242 duos
1218 2207 1363 2242 modos
1384 2207 1648 2252 accipiamus.
1676 2207 1753 2243 hic
1775 2208 1939 2253 quidem
1959 2218 2012 2245 ex

347 2271 428 2307 alia
454 2271 667 2313 relatione,
696 2271 763 2307 ibi
791 2281 843 2307 ex
871 2271 951 2307 alia
984 2273 1200 2316 sumptum,
1239 2272 1312 2308 sed
1341 2273 1538 2317 quantum
1571 2273 1624 2308 ad
1661 2273 1839 2309 eandem
1864 2282 2012 2310 vocem

348 2336 450 2372 duas
479 2336 807 2382 significationes
834 2337 908 2372 sub
936 2346 1017 2372 uno
1045 2337 1167 2373 modo
1195 2337 1354 2382 accipit.
2030 2345 2066 2371 30

490 2400 771 2437 Continuatio:
810 2401 926 2437 Prius
966 2401 1114 2438 dicitur
1151 2402 1374 2447 praedictis
1411 2402 1553 2443 modis,
1590 2403 1665 2439 sed
1701 2403 1828 2439 Simul
1866 2403 2012 2439 dicitur

348 2466 437 2502 istis
465 2466 596 2502 modis
624 2468 663 2501 et
695 2476 779 2502 non
812 2468 970 2502 tantum
997 2467 1112 2502 Prius
1146 2467 1311 2512 proprie
1340 2468 1538 2512 accipitur
1574 2468 1802 2504 secundum
1837 2469 2010 2514 tempus,

348 2531 423 2566 sed
456 2531 580 2567 etiam
608 2531 734 2567 Simul
770 2531 1019 2577 simpliciter.
1056 2532 1095 2567 id
1130 2533 1193 2568 est
1228 2532 1519 2568 universaliter
1555 2534 1595 2569 et
1629 2533 1807 2578 proprie,
1836 2533 1932 2578 quia
1969 2533 2011 2570 in

349 2596 496 2632 eodem
523 2598 709 2641 tempore
738 2598 832 2632 sunt
857 2599 1069 2642 generata.
1122 2597 1327 2633 Neutrum
1365 2598 1490 2634 enim.
1542 2598 1651 2634 Vere
1679 2600 1774 2634 sunt
1801 2599 1920 2635 simul
1947 2608 2011 2635 se-

348 2661 524 2697 cundum
552 2663 725 2706 tempus.
777 2661 838 2697 Ab
867 2661 1127 2697 immediatis.
1180 2661 1311 2702 Quam
1340 2662 1506 2707 quidem
1533 2663 1885 2708 consequentiam,
1912 2663 2009 2700 illud
2030 2672 2064 2698 35

349 2726 479 2767 ,enim‘
495 2726 636 2767 innuit,
653 2726 980 2771 assignationem
1001 2736 1101 2762 vero
1125 2726 1251 2762 Simul
1265 2727 1382 2772 ponit
1402 2736 1493 2763 cum
1515 2728 1827 2773 consequentia,
1849 2729 2011 2765 conclu-

349 2791 507 2826 sionem
535 2800 635 2826 vero
664 2793 782 2827 extra
809 2791 1003 2836 supponit
1029 2791 1099 2827 ibi:
1127 2791 1267 2827 Simul
1294 2792 1448 2833 itaque.

486 2855 752 2891 Naturaliter
777 2858 932 2892 (cartem.
983 2856 1117 2892 Alium
1144 2857 1309 2892 modum
1337 2857 1462 2893 Simul
1489 2858 1693 2903 assignat:
1720 2867 2011 2903 quaecumque

346 2922 650 2956 convertuntur
674 2921 725 2957 ad
753 2921 927 2957 invicem
956 2922 1188 2957 secundum
1225 2922 1340 2963 Quod
1374 2924 1431 2958 est
1466 2932 1550 2958 esse
1584 2923 1928 2967 consequentiam
1954 2922 2010 2959 ita

347 2985 456 3030 quod
482 2988 672 3021 neutrum
701 2988 765 3022 est
792 2996 919 3022 causa
946 2986 1116 3022 alterius
1143 2987 1209 3023 vel
1237 2988 1583 3032 quemadmodum
1621 2988 1767 3024 eadem
1803 2987 2007 3024 divisione
2029 2994 2062 3019 40

489 3125 508 3157 3
536 3126 719 3165 accipiunt
744 3126 775 3158 A
918 3127 937 3158 8
960 3128 1050 3167 post
1076 3127 1212 3159 suiiicit
1239 3127 1381 3159 lacuna
1407 3128 1447 3160 in
1473 3128 1503 3160 A
1644 3127 1685 3159 12
1713 3127 1758 3159 de
1786 3136 1829 3159 eo
1856 3128 1937 3160 loco
1969 3127 2006 3159 Δ.
