2200 3387
181 954 212 979 10

179 1286 212 1312 15

179 2265 214 2291 30

181 2590 214 2615 35

181 2914 216 2939 40

496 265 525 295 2.
556 263 620 295 l)ie
649 263 804 295 (ilosscn
834 273 876 295 zu
905 265 974 296 ‹lcn
1005 265 1238 303 Kutcgoricn.
1272 284 1309 286 m
1342 266 1392 297 ln·
1421 267 1634 305 quantitate.
1847 263 1911 298 175

233 359 357 405 plane
385 360 624 396 consentire
653 360 827 401 videtur,
860 362 902 396 ut
935 360 1068 405 ipsum
1108 362 1294 396 tenorem
1334 371 1479 397 sonum
1521 363 1789 406 appellemus.
1828 372 1909 399 non

233 424 386 462 aerem.
415 424 483 460 ubi
511 424 706 460 videlicet
733 424 784 460 de
813 425 923 460 motu
953 424 1212 469 planetarum
1242 425 1418 469 loquens
1446 435 1592 461 sonum
1621 426 1710 462 ficri
1739 427 1836 463 dicit
1858 437 1910 463 ex

234 489 407 525 duorum
436 499 655 534 corporum
686 490 870 526 violenta
897 489 1126 527 collisione.
1155 490 1222 534 qui
1245 490 1437 526 diversus
1460 493 1524 526 est
1545 501 1569 526 a
1591 492 1746 527 collisis
1769 502 1911 537 corpo-

233 553 355 589 ribus.
407 553 466 589 Ex
495 563 576 598 quo
604 555 645 589 et
672 553 766 589 illud
797 553 1068 593 convincitur,
1097 554 1290 598 quicquid
1326 564 1379 590 ex
1415 555 1630 591 collisione
1668 556 1833 601 linguae
1871 558 1912 592 et

233 619 344 655 aeris
372 618 524 655 factum
553 620 686 658 sonat.
716 619 927 655 diversum
955 628 1052 655 esse
1081 620 1163 655 tam
1198 620 1250 655 ab
1284 620 1383 655 a‘erc
1422 620 1512 664 ipso
1540 630 1662 664 quam
1700 631 1725 656 a
1761 621 1910 665 lingua.

233 683 275 720 ld
303 694 403 720 vero
431 685 495 720 est
521 685 643 720 tenor
669 684 736 729 qui
765 685 906 720 aerem
940 684 981 720 in
1018 684 1252 729 prolatione
1289 687 1514 721 mensurat.
1567 686 1606 721 Si
1644 686 1735 731 quis
1773 688 1911 722 tamen

233 750 375 786 aerem
403 759 569 794 quoque
608 749 742 785 audiri
776 749 887 786 dicat
919 750 987 785 vel
1024 749 1274 795 significare.
1312 751 1504 787 fortassis
1541 752 1713 787 concedi
1750 752 1912 797 poterit,

233 814 340 850 sicut
367 815 407 850 et
434 823 585 859 corpus
613 824 705 850 cum
734 814 875 850 colore
903 814 994 860 ipso
1022 814 1154 851 videri
1176 815 1361 854 dicimus.
1383 816 1456 851 sed
1479 817 1702 862 prachpue
1723 818 1911 853 tenorem

233 879 483 925 significare.

375 944 562 986 Quaeri
599 945 747 981 etiam
785 945 935 985 solet,
973 945 1063 981 sive
1091 947 1213 982 tenor
1240 946 1329 982 sive
1358 947 1432 982 aer
1459 946 1679 992 significat,
1714 947 1912 992 quando

233 1010 532 1057 significare
579 1010 812 1047 dicantur
857 1020 1011 1047 voces
1057 1012 1417 1056 compositae1.
1465 1012 1571 1048 sicut
1617 1013 1750 1048 oratio
1803 1013 1912 1058 ipsa:

234 1075 441 1114 Socrates
469 1075 610 1112 sedet:
665 1076 748 1113 Sed
775 1085 869 1112 cum
896 1076 1135 1122 significare
1170 1077 1222 1112 sit
1257 1077 1513 1113 intellectum
1550 1077 1818 1118 constituere.
1855 1079 1912 1114 in-

232 1141 422 1178 tellectus
450 1143 589 1178 autem
617 1151 691 1186 per
718 1151 867 1178 vocem
895 1141 1042 1178 haberi
1070 1151 1153 1178 non
1182 1142 1316 1187 possit
1342 1142 1422 1178 nisi
1456 1152 1506 1178 ea
1539 1143 1712 1187 prolata,
1748 1144 1913 1188 oportet

233 1207 343 1243 dicta
369 1207 559 1244 oratione
587 1209 684 1243 tunc
711 1207 825 1252 prius
853 1217 928 1252 per
955 1217 1047 1244 eam
1069 1207 1324 1244 intellectum
1346 1208 1491 1244 haberi
1518 1210 1559 1244 et
1588 1208 1645 1244 ita
1666 1209 1912 1250 orationem,

233 1274 455 1318 postquam
483 1272 564 1308 iam
592 1282 676 1309 non
705 1274 780 1310 est.
809 1272 1059 1319 significare.
1113 1272 1193 1309 Sed
1222 1273 1290 1308 ubi
1317 1273 1398 1309 iam
1427 1273 1518 1318 ipsa
1546 1273 1795 1319 significatio
1824 1274 1912 1312 erit.

233 1347 326 1374 cum
353 1338 435 1374 iam
463 1347 547 1374 non
576 1338 779 1374 subsistat
806 1337 969 1374 oratio?
1021 1338 1103 1374 Sed
1131 1338 1167 1374 si
1193 1339 1335 1374 aerem
1370 1348 1569 1375 vocemus
1604 1339 1838 1375 orationem
1873 1341 1914 1376 et

233 1402 471 1449 significare
499 1403 698 1443 dicamus.
726 1403 878 1448 poterit
896 1402 1077 1439 fortasse
1106 1403 1146 1439 in
1170 1413 1220 1439 eo
1243 1403 1493 1449 significatio
1521 1404 1686 1440 fundari
1707 1406 1802 1449 post
1822 1414 1914 1450 pro-

232 1468 442 1507 lationem.
477 1468 628 1514 quippe
662 1478 742 1505 nec
778 1470 875 1505 tunc
911 1478 1077 1514 quoque
1114 1468 1249 1504 minus
1283 1469 1394 1505 aeris
1433 1469 1710 1506 substantiam
1749 1469 1913 1509 retinet.

233 1543 341 1580 quae
368 1534 683 1571 fundamentum
712 1543 809 1571 6886
838 1535 988 1579 potest,
1022 1534 1119 1570 licet
1152 1544 1281 1570 sonus
1315 1534 1355 1570 in
1390 1544 1440 1571 eo
1475 1534 1556 1570 iam
1592 1535 1818 1580 praeteriit.
1872 1535 1914 1571 Si

233 1609 334 1636 vero
362 1599 635 1645 quantitatem
670 1599 909 1645 significare
937 1599 1135 1641 dicamus,
1170 1599 1286 1636 cuius
1324 1601 1464 1645 partes
1493 1600 1801 1637 Aristoteles
1830 1610 1913 1636 non

231 1674 481 1710 permanere
508 1665 616 1706 dicit.
645 1665 812 1710 quando
840 1665 881 1701 in
910 1674 961 1701 ea
989 1664 1335 1711 significationem
1364 1674 1459 1701 esse
1482 1665 1678 1707 dicemus,
1708 1675 1801 1702 cum
1821 1666 1913 1711 ipsa

232 1740 457 1776 numquam
483 1731 571 1767 tota
596 1730 870 1776 permaneat‘.>
921 1729 963 1766 Si
991 1730 1082 1775 quis
1108 1731 1248 1766 autem
1277 1730 1317 1766 in
1345 1730 1484 1775 aliqua
1518 1731 1756 1767 indivisibili
1792 1733 1912 1776 parte

232 1795 364 1840 ipsius
397 1796 506 1832 dicat
539 1794 887 1841 significationem
921 1805 1030 1835 esse.
1068 1795 1195 1831 veluti
1231 1795 1271 1831 in
1308 1796 1449 1831 ultimo
1487 1796 1708 1835 elemento.
1743 1796 1909 1841 quando

232 1861 451 1906 profertur,
480 1862 645 1906 oportet
671 1861 806 1906 ipsum
833 1861 943 1906 quod
972 1861 1294 1907 significativum
1323 1871 1404 1897 non
1434 1863 1508 1899 est.
1538 1861 1790 1907 significare.

376 1926 594 1963 Dicimus
623 1926 763 1971 itaque
791 1926 1024 1963 orationem
1052 1928 1137 1962 tum
1164 1926 1340 1971 primum
1362 1926 1612 1973 significare,
1635 1927 1801 1972 quando
1825 1927 1914 1963 eius

234 2001 379 2029 omnes
397 1993 539 2038 partes
554 1991 810 2037 praeteritae
827 1993 933 2028 sunt.
961 1991 1066 2028 Dum
1082 1991 1192 2028 enim
1206 1992 1413 2037 profertur
1427 1992 1567 2037 aliqua
1583 2001 1680 2037 pars
1694 1992 1909 2034 orationis,

233 2058 286 2094 ad
304 2058 458 2094 nullum
479 2058 637 2094 certum
653 2060 873 2099 <sensum>
888 2057 1024 2094 adhuc
1045 2066 1090 2093 se
1113 2057 1325 2103 applicare
1347 2058 1486 2103 potest
1507 2057 1670 2094 animus
1691 2057 1911 2094 audientis.

232 2123 351 2160 Unde
379 2133 471 2160 cum
499 2123 648 2159 dicitur
674 2123 787 2159 mihi:
826 2124 880 2165 ‚tu
917 2123 1043 2163 sede‘.
1081 2123 1177 2159 dum
1205 2124 1328 2159 sonat
1365 2127 1411 2165 ,6ί
1446 2132 1530 2159 non
1565 2132 1734 2168 possum
1773 2125 1912 2160 certus

234 2197 340 2229 6886,
368 2189 503 2224 utrum
530 2187 707 2233 imperet
728 2187 795 2224 vel
816 2197 912 2224 non.
964 2186 1005 2223 Si
1028 2187 1138 2223 enim
1160 2187 1286 2224 addat
1312 2187 1375 2224 his
1398 2187 1593 2224 dicendo:
1624 2188 1676 2229 ‚tu
1699 2187 1801 2223 sede
1823 2187 1912 2228 hic‘,

233 2254 368 2290 utrum
396 2253 725 2290 enuntiationem
754 2253 934 2298 impleat.
970 2253 1115 2289 nescio
1143 2253 1322 2298 ideoque
1356 2262 1581 2298 numquam
1617 2253 1668 2289 de
1708 2253 1914 2299 significa-

234 2318 346 2355 tione
374 2318 576 2355 orationis
604 2318 706 2354 certi
734 2328 958 2364 possumus
986 2327 1093 2359 6886,
1122 2318 1202 2354 nisi
1230 2328 1282 2354 ea
1308 2319 1395 2354 tota
1421 2318 1594 2363 prolata.
1646 2318 1766 2354 Unde
1789 2318 1913 2354 etiam

234 2383 446 2429 contingit,
473 2385 517 2420 ut
543 2393 673 2429 saepe
702 2383 843 2420 audita
870 2383 1060 2419 oratione
1088 2383 1142 2419 nil
1171 2383 1310 2419 statim
1347 2383 1638 2429 intelligamus,
1678 2383 1752 2419 sed
1789 2383 1913 2428 longe

235 2450 384 2494 postea
410 2448 450 2484 id
477 2450 606 2485 totum
635 2449 745 2494 quod
772 2449 1019 2487 audivimus.
1048 2449 1100 2485 ad
1128 2448 1370 2485 memoriam
1399 2449 1652 2485 reducentes
1681 2448 1913 2494 intelligere

234 2513 463 2559 incipimus.
514 2513 629 2550 Tunc
656 2515 798 2559 itaque
827 2523 967 2559 agere,
995 2515 1092 2550 tunc
1120 2514 1358 2559 significare
1387 2514 1520 2550 oratio
1544 2513 1718 2551 videtur.
1747 2513 1913 2558 quando

236 2580 324 2615 tota
357 2579 574 2624 praeteriit
610 2589 660 2615 ac
691 2579 773 2616 iam
810 2579 942 2616 oratio
983 2589 1065 2616 non
1106 2580 1180 2616 est.
1232 2579 1279 2615 Et
1317 2580 1495 2616 fortasse
1532 2579 1808 2625 significative
1850 2580 1914 2615 est

236 2643 534 2689 accipiendum,
562 2646 605 2680 ut
632 2644 803 2686 scilicet,
842 2654 934 2681 cum
972 2645 1145 2681 dicimus
1183 2644 1415 2681 orationem
1453 2644 1703 2689 significare,
1741 2654 1823 2680 non
1862 2643 1913 2679 sit

237 2718 396 2750 sensus.
424 2710 467 2745 ut
494 2709 627 2745 oratio
655 2709 1004 2755 significationem
1032 2710 1197 2752 habeat,
1225 2710 1298 2746 sed
1327 2710 1464 2755 potius
1491 2712 1533 2745 ut
1567 2710 1705 2745 anima
1738 2708 1912 2745 alicuius

237 2784 311 2821 per
338 2784 431 2811 eam
458 2784 566 2819 quae
594 2774 674 2810 iam
702 2784 784 2810 non
813 2776 888 2813 est.
917 2775 1171 2811 intellectum
1206 2775 1369 2810 habeat.
1422 2774 1489 2810 Sic
1523 2775 1647 2810 etiam
1689 2784 1779 2810 cum
1818 2773 1913 2809 dici-

238 2850 326 2876 mus
378 2839 630 2876 chimaeram
678 2849 772 2875 esse
819 2839 1081 2884 opinabilem.
1134 2839 1187 2875 nil
1227 2839 1489 2875 attribuimus
1533 2839 1784 2879 chimaerae,
1837 2838 1910 2874 scd

237 2905 374 2951 potius
403 2907 682 2941 monstramus
709 2904 890 2941 animam
926 2905 1099 2940 alicuius
1137 2904 1296 2949 opinari
1334 2904 1597 2940 chimaeram.
1651 2903 1749 2939 illud
1788 2903 1911 2939 etiam

380 3052 422 3084 29
451 3048 584 3089 utruml
613 3051 650 3082 ut
676 3050 702 3082 Α
807 3050 849 3081 37
879 3047 952 3089 ut'-¹]
982 3050 1015 3081 in
1043 3049 1070 3081 A

380 3123 390 3144 ¹
418 3122 583 3157 Abael..
611 3121 765 3153 Dialeel.
795 3130 827 3161 p.
860 3122 936 3154 190.
965 3122 1018 3152 91.

311 3194 425 3222 ΗοίίΓ.
451 3194 522 3221 xxi.
561 3192 703 3226 Gom-r,
729 3192 899 3219 Abzwlurds
922 3192 1028 3225 philus.
1051 3192 1212 3218 selu-ineu.
1727 3190 1766 3220 12
