2200 3387
491 225 516 255 l.
549 224 611 255 m«-
639 225 793 255 (ilossen
824 233 865 256 zu
897 224 1127 264 Porphyrius.
1230 224 1279 255 ln·
1306 225 1634 257 eninmunitatibus.
1831 223 1896 257 io5

226 320 365 355 dicere
402 321 611 356 bruchium
651 321 754 356 duos
784 322 913 365 pedes
949 321 1103 356 habere
1133 331 1257 365 posse
1288 321 1349 356 vel
1381 322 1593 366 quodlibet
1621 322 1892 367 compositum

225 394 276 421 ex
317 385 465 421 talibus
501 386 685 429 partibus
718 395 824 430 quae
862 385 912 421 ad
950 385 1191 421 formandos
1230 386 1359 430 pedes
1396 387 1648 423 sufficerent.
1684 387 1738 422 ita
1778 390 1819 422 ut
1855 387 1892 422 in

225 449 372 485 eodem
397 449 563 485 homine
586 450 767 486 maxima
789 450 937 495 pedum
962 450 1176 486 multitudo
1199 453 1343 495 posset
1365 460 1470 486 esse.
1512 451 1740 487 Dicamus
1757 452 1894 497 itaque

223 517 425 550 curtatum
450 514 554 550 duos
583 514 713 559 pedes
742 515 895 550 habere
924 524 1050 559 posse
1073 514 1128 550 ita
1150 515 1327 559 quidem.
1357 518 1398 550 ut
1419 515 1454 550 ei
1478 516 1711 552 adhaerere
1735 518 1895 562 possint

187 587 203 609 -ἰ
224 579 486 615 extrinsecus
514 582 554 615 et
581 589 672 615 eum
711 579 799 624 ipso
833 579 1061 615 convenire
1091 580 1333 616 naturaiiter
1362 581 1398 616 in
1437 581 1671 617 substantia
1705 582 1894 618 humana.

169 912 200 936 10

166 1567 199 1591 :o

222 645 273 680 ad
301 644 418 680 euius
446 644 791 690 compositionem
829 645 919 680 sola
956 645 1106 689 pedum
1144 645 1352 681 adiunctio
1391 645 1581 681 sufficiat.
1636 646 1720 682 iioc
1756 651 1892 682 autem

223 709 316 745 ideo
345 709 681 747 determinamus.
711 710 807 754 quia
844 711 885 746 et
919 710 1049 754 pedes
1077 719 1168 746 cum
1197 710 1332 755 eapite
1363 711 1400 746 in
1430 711 1596 746 homine
1630 712 1894 748 conveniunt,

221 774 294 810 sed
323 774 558 810 coniunctio
588 775 735 819 pedum
765 775 816 810 ad
845 777 967 820 caput
996 775 1293 811 subsistentiae
1322 776 1498 811 hominis
1526 786 1605 811 non
1637 777 1799 812 sufficit.

339 839 525 875 Occurrit
540 840 621 875 alia
637 840 882 884 quaestio,
902 850 992 876 cum
1011 842 1102 885 post
1118 841 1397 876 abscisionem
1417 841 1564 886 pedum
1584 841 1651 877 iila
1663 842 1896 878 substantia

220 906 381 940 curtata
403 914 509 949 quae
533 904 644 949 prius
666 914 762 950 pars
784 905 973 942 hominis.
996 906 1089 941 dum
1115 906 1236 941 homo
1259 906 1423 951 integer
1445 907 1727 951 permanebat.
1755 907 1895 952 {homo

220 968 300 1014 sitl.
329 971 461 1005 utrum
497 970 536 1004 in
571 969 663 1015 ipsa
695 965 990 1006 constitutione
1024 971 1202 1006 hominis
1232 971 1380 1017 integri
1418 971 1485 1007 illa
1518 972 1751 1008 substantia
1789 982 1895 1016 quae

221 1034 343 1070 modo
371 1036 530 1070 curtata
559 1038 634 1074 est.
669 1035 791 1071 homo
826 1036 947 1071 etiam
978 1038 1074 1072 tunc
1102 1038 1217 1072 esset
1245 1038 1285 1072 et
1312 1037 1494 1072 animata
1532 1039 1571 1072 et
1609 1037 1817 1073 sensibilis
1855 1040 1894 1073 et

221 1099 434 1135 rationalis
463 1102 503 1135 et
531 1100 725 1136 mortalis.
759 1100 864 1136 sicut
892 1101 1014 1137 modo
1043 1104 1116 1139 est,
1145 1103 1215 1137 aut
1249 1102 1385 1146 potius
1415 1112 1490 1146 per
1515 1102 1793 1138 abscisionem
1822 1103 1894 1138 fiat

220 1164 343 1200 homo
372 1165 479 1209 quod
509 1165 621 1210 prius
651 1175 732 1201 non
761 1168 861 1201 erat.
915 1165 996 1202 Sed
1034 1166 1067 1202 si
1106 1166 1145 1202 in
1182 1167 1478 1203 constitutione
1516 1176 1681 1212 quoque
1718 1167 1895 1203 hominis

185 1236 202 1258 f»
224 1229 347 1265 homo
375 1232 475 1267 erat.
505 1231 693 1275 profecto
723 1230 829 1267 idem
859 1231 981 1267 homo
1017 1241 1069 1268 ex
1104 1232 1288 1276 pluribus
1326 1234 1490 1268 constat
1526 1233 1772 1269 hominibus,
1801 1233 1896 1277 quia

221 1304 294 1340 per
323 1295 461 1340 plures
489 1295 750 1332 abscisiones
778 1296 917 1341 plures
946 1299 1122 1341 possunt
1150 1297 1337 1342 separari
1366 1300 1506 1342 partes
1534 1307 1641 1342 quae
1670 1300 1894 1342 separatae

221 1359 408 1396 homines
436 1363 566 1397 erunt.
599 1363 640 1396 ut
661 1361 694 1396 si
717 1361 896 1397 abscisis
925 1361 1099 1406 pedibus
1135 1362 1303 1398 brachia
1329 1372 1494 1407 quoque
1522 1363 1800 1398 abscidamus,
1845 1363 1897 1398 At

221 1434 320 1461 vero
351 1426 498 1461 multos
528 1426 716 1462 homines
746 1427 783 1462 in
814 1436 894 1462 uno
923 1436 1020 1463 esse
1050 1436 1172 1463 nemo
1201 1428 1393 1463 concedit
1414 1438 1489 1463 nec
1514 1428 1664 1463 multos
1686 1437 1783 1463 esse
1806 1428 1895 1463 sine

221 1490 357 1526 multis
397 1491 627 1526 animabus.
691 1492 846 1531 Quodsi
883 1501 956 1536 per
996 1492 1276 1528 abscisionem
1315 1495 1499 1528 nostram
1540 1493 1576 1528 id
1616 1492 1790 1528 facimus
1827 1492 1896 1528 ho-

221 1555 372 1591 minem
401 1556 509 1601 quod
538 1549 621 1592 nen
650 1559 740 1592 erat
768 1557 901 1592 homo.
940 1557 1128 1593 similiter
1155 1560 1196 1593 et
1223 1557 1449 1593 animatum
1479 1560 1519 1594 et
1561 1558 1725 1594 animal.
1765 1561 1804 1593 et
1841 1558 1897 1594 ita

222 1623 391 1656 nostrae
419 1631 584 1666 quoque
613 1622 846 1667 operationi
874 1622 1091 1667 generatio
1120 1622 1308 1659 subiecta
1336 1625 1410 1658 est.
1463 1622 1544 1659 Sed
1582 1633 1664 1659 non
1702 1623 1896 1659 inconve-

221 1685 340 1722 niens
369 1689 443 1723 est,
471 1686 505 1722 si
534 1689 677 1722 nostra
706 1687 895 1732 operatio
924 1687 1029 1723 sicut
1051 1688 1258 1724 hominem
1283 1687 1588 1732 quodammodo
1611 1688 1797 1724 destruit.
1827 1688 1895 1732 qui

220 1751 332 1796 prius
361 1754 461 1789 erat,
501 1751 595 1788 dum
624 1752 782 1788 scilicet
810 1762 884 1797 per
919 1752 1198 1788 abscisionem
1236 1753 1422 1790 facimus.
1461 1763 1512 1789 ne
1550 1753 1630 1789 sint
1669 1754 1790 1789 homo
1828 1753 1895 1789 illa

219 1815 350 1852 simul.
367 1825 474 1860 quae
498 1815 610 1860 prius
633 1818 753 1852 erant
776 1817 911 1853 homo.
940 1817 994 1853 ita
1017 1817 1140 1853 etiam
1164 1817 1301 1853 faciat.
1323 1819 1366 1852 ut
1388 1818 1511 1853 homo
1534 1817 1596 1855 sit.
1623 1820 1626 1860 Ι
1650 1818 1758 1861 quod
1782 1817 1894 1862 prius

167 1887 200 1911 εῖν
222 1880 344 1916 homo
384 1890 464 1917 non
503 1883 603 1918 erat.
643 1890 719 1917 nec
753 1883 891 1917 tamen
921 1882 1014 1917 talis
1049 1882 1276 1918 destructio
1312 1882 1488 1918 hominis
1528 1884 1591 1919 est
1631 1882 1895 1918 homicidium

162 2218 197 2241 30

162 2541 196 2565 35

163 2868 197 2891 41]

219 1945 371 1982 facere.
399 1956 507 1991 quae
535 1946 714 1982 animam
744 1956 825 1982 non
853 1948 1002 1984 aufert.
1035 1956 1112 1983 nec
1140 1947 1234 1983 talis
1262 1947 1429 1984 effectio
1458 1947 1624 1993 proprie
1653 1948 1800 1983 dicitur
1828 1948 1895 1983 ho—

220 2010 369 2047 minem
399 2011 581 2048 efficere.
610 2021 716 2056 quae
744 2012 923 2048 animam
952 2022 1034 2048 non
1063 2013 1234 2048 confert.
1288 2012 1406 2048 Unde
1431 2013 1539 2048 idem
1568 2022 1736 2058 semper
1772 2013 1894 2048 homo

218 2085 314 2112 esse
343 2076 490 2112 dicitur
517 2086 668 2122 corpus
697 2077 845 2113 eadem
872 2077 1013 2113 anima
1041 2080 1293 2123 vegetatum,
1323 2078 1418 2114 licet
1445 2078 1656 2115 essentiae
1684 2078 1895 2122 quantitas

218 2142 358 2178 modo
385 2142 517 2178 minor
538 2143 590 2178 sit
610 2143 808 2188 partibus,
837 2143 931 2179 dum
955 2152 1057 2188 puer
1078 2146 1153 2181 est.
1182 2144 1324 2179 modo
1354 2144 1495 2182 maior.
1517 2144 1611 2180 dum
1635 2144 1798 2179 iuvenis
1821 2146 1895 2180 est.

218 2209 258 2242 et
286 2207 380 2243 iicet
407 2208 553 2243 eadem
583 2218 662 2244 non
694 2208 776 2244 sint
803 2217 980 2253 corpora
1002 2209 1230 2244 secundum
1254 2209 1526 2253 quantitatem
1550 2209 1763 2245 essentiae
1786 2210 1893 2254 quod

218 2272 330 2317 prius
359 2275 449 2308 erat
482 2276 524 2309 et
552 2273 659 2317 quod
701 2274 823 2310 modo
861 2275 936 2312 est.
974 2283 1047 2318 pro
1087 2274 1236 2310 eodem
1273 2276 1413 2310 tamen
1451 2275 1679 2311 secundum
1717 2275 1894 2310 eundem

217 2337 409 2373 effectum
438 2338 604 2374 animae
632 2338 875 2375 iudicantur.
904 2339 1087 2383 alioquin
1116 2339 1291 2375 abscisis
1320 2340 1526 2385 unguibus
1561 2340 1680 2376 aliam
1718 2339 1895 2375 hominis

216 2402 448 2438 diceremus
476 2403 761 2444 substantiam,
790 2404 899 2449 quod
929 2404 1025 2440 licet
1052 2406 1250 2449 quantum
1279 2405 1331 2441 ad
1359 2405 1653 2447 discretionem
1683 2405 1893 2441 essentiae

217 2476 357 2502 verum
384 2467 448 2505 sit.
470 2471 666 2513 quantum
690 2471 828 2505 tamen
851 2469 902 2505 ad
925 2469 1118 2505 effectum
1135 2469 1301 2506 animae
1324 2470 1405 2506 alia
1427 2480 1609 2515 persona
1631 2480 1712 2505 non
1736 2470 1893 2506 dicitur.

331 2532 529 2569 Fortasse
563 2536 700 2570 autem
737 2534 969 2573 dicendum,
1003 2535 1099 2579 quia
1134 2544 1212 2571 nec
1247 2535 1377 2580 pedes
1413 2536 1463 2572 de
1498 2536 1685 2572 essentia
1719 2535 1894 2571 hominis

217 2600 322 2634 sunt.
354 2598 426 2633 sed
457 2601 613 2634 tantum
643 2599 736 2635 iliae
766 2602 906 2644 partes
936 2600 1059 2635 homo
1087 2602 1302 2636 vocantur.
1339 2600 1430 2636 sine
1458 2601 1605 2645 quibus
1643 2601 1764 2636 homo
1800 2610 1895 2635 esse

217 2672 297 2697 non
333 2664 481 2707 potest.
521 2672 613 2699 cum
650 2666 787 2700 tamen
818 2664 1083 2700 Boethius¹
1121 2665 1231 2700 dicat
1266 2665 1474 2701 hominem
1510 2665 1635 2701 dividi
1671 2666 1708 2700 in
1750 2665 1892 2709 pedes:

217 2727 441 2764 thoracem.
470 2737 630 2764 manus.

337 2793 564 2837 Proprium
595 2796 752 2829 (uilem.
806 2795 923 2834 Quod
952 2795 1009 2830 ait
1040 2796 1251 2840 proprium
1274 2805 1371 2831 esse
1399 2796 1673 2831 differentiae.
1703 2795 1784 2831 tale
1816 2798 1898 2830 est:

218 2857 479 2893 differentiae
517 2859 712 2894 convenit
750 2861 791 2894 et
829 2868 908 2894 non
947 2859 1125 2904 proprio.
1170 2859 1296 2895 ’I'nde
1337 2862 1533 2905 patenter
1572 2862 1758 2905 apparet.
1799 2859 1894 2904 quia

340 2980 359 3007 8
387 2978 573 3010 sufficiunt
600 2978 625 3010 A
729 2980 766 3011 21
801 2978 888 3018 non!
917 2981 1012 3019 quod
1041 2981 1065 3012 Α
1171 2982 1211 3012 34
1242 2978 1382 3019 verum}
1411 2989 1518 3012 unum
1547 2982 1571 3013 A

341 3047 348 3068 ¹
382 3048 543 3085 izoem,
572 3048 624 3080 D(-
651 3049 758 3081 divin.
783 3048 836 3080 PL
857 3049 912 3086 64,
942 3058 974 3089 p.
999 3052 1064 3080 88⁸
1083 3051 1123 3082 13:
1152 3050 1314 3082 Hominis
1343 3051 1436 3082 enim
1466 3060 1600 3091 corpus
1628 3051 1677 3083 ita
1704 3051 1737 3083 in
1767 3054 1891 3091 partes

219 3117 306 3139 suas
334 3107 475 3139 divides
506 3108 538 3139 in
567 3111 687 3148 caput,
717 3117 857 3143 manus,
886 3108 1071 3141 thoracem
1099 3112 1134 3141 et
1163 3109 1287 3149 pedes.

1923 1822 1945 1852 s.
1978 1822 2042 1853 151*

1928 2776 2061 2810 Boeth.

1929 2834 1962 2867 p.
1975 2824 2039 2858 331
2059 2827 2081 2847 ¹¹
