2200 3387
427 234 496 271 302
832 238 938 271 Peter
964 238 1169 272 Abaelards
1195 237 1331 281 Logica
1358 239 1682 282 ‚Ingredientlbus‘.

422 334 541 370 simul
568 335 789 380 contingat,
819 335 972 371 diversi
1005 336 1145 372 tamen
1177 336 1228 372 ab
1262 336 1439 372 invicem
1474 339 1579 379 sunt,
1613 338 1709 383 quia
1741 338 1851 375 aliud
1893 340 1957 376 est
1993 348 2089 376 esse

421 399 635 436 rationale,
664 400 772 435 aliud
801 409 897 436 esse
926 400 1077 436 animal
1104 401 1320 441 rationale,
1347 401 1443 437 licet
1463 411 1530 438 res
1553 403 1701 439 eadem
1723 403 1775 439 sit
1795 404 1959 448 penitus
1982 413 2089 449 quae

422 465 485 498 est
512 463 714 499 rationale
743 466 783 500 et
810 464 1012 500 rationale
1041 465 1202 500 animal.
1255 464 1321 501 Sic
1349 467 1389 501 et
1414 466 1523 502 aliud
1552 468 1615 502 est
1648 476 1744 503 esse
1772 468 1938 504 risibilis
1966 478 2089 513 quam

422 536 518 562 esse
558 527 815 572 navigabilis.
863 528 1053 572 quamvis
1098 528 1207 564 idem
1248 529 1299 564 sit
1339 529 1501 574 penitus
1547 539 1613 565 res
1658 531 1826 567 risibilis
1866 531 1976 576 quod
2020 541 2089 567 res

422 592 678 637 navigabilis.
2108 598 2125 623 5

563 656 748 693 Occurrit
792 660 929 694 autem
975 658 1053 693 hoc
1089 658 1180 694 loco
1215 659 1463 703 quaestio.
1507 669 1597 695 cum
1636 660 1770 705 ipsam
1803 661 2089 697 alterationem

422 724 461 757 et
490 722 712 766 quamlibet
740 725 893 758 motum
922 724 1087 758 constet
1115 732 1212 759 esse
1238 723 1413 759 formam
1440 725 1739 760 accidentalem
1773 727 1814 761 et
1847 735 1898 762 ea
1924 735 2089 771 quoque

421 785 673 821 adveniente
702 786 933 822 subiectum
961 787 1109 822 mutari
1136 788 1188 823 ab
1217 796 1266 823 eo
1295 787 1404 831 quod
1431 788 1544 832 prius
1572 790 1671 829 erat,
1706 798 1787 833 qua
1814 789 1975 825 ratione
2002 789 2091 825 infi-

420 850 560 886 nitatis
593 851 895 887 inconveniens
932 851 1176 887 devitemus.
1239 852 1338 888 Nam
1377 852 1482 888 sicut
1518 862 1571 888 ex
1607 853 1800 889 albedine
1838 853 2090 890 adveniente

420 915 648 951 subiectum
683 916 882 952 alteratur
926 917 1151 952 secundum
1187 917 1274 953 eius
1316 916 1650 953 informationem
1690 927 1813 963 quam
1852 918 1965 963 prius
2004 921 2142 955 non¹0

419 980 609 1019 habebat.
638 982 678 1016 et
705 980 762 1016 ita
789 990 841 1016 ex
869 981 1117 1017 alteratione
1145 981 1335 1018 alteratio
1363 982 1403 1017 in
1430 982 1634 1018 infinitum
1662 983 1777 1019 nasci
1805 983 1979 1019 videtur.

571 1044 638 1079 Ad
668 1045 794 1089 quod
827 1045 1232 1089 respondendum
1267 1047 1357 1086 est,
1393 1046 1501 1090 quod
1537 1056 1620 1082 non
1655 1056 1708 1082 ex
1742 1047 1852 1083 omni
1885 1047 2089 1083 accidenti

422 1109 747 1153 superveniente
776 1119 954 1145 necesse
983 1111 1045 1145 est
1079 1110 1367 1146 alterationem
1404 1111 1577 1152 innasci,
1611 1113 1753 1156 utpote
1781 1121 1835 1147 ex
1868 1111 1959 1156 ipsa
1991 1112 2089 1148 alte-

423 1173 596 1209 ratione.
643 1173 723 1209 Sed
746 1174 780 1209 si
800 1174 985 1210 dicamus
1007 1174 1172 1210 alterari
1190 1175 1422 1211 subiectum
1443 1185 1497 1211 ex
1517 1176 1764 1212 alteratione
1781 1185 1887 1221 quae
1909 1176 2087 1218 advenit,

419 1248 502 1274 non
530 1239 652 1274 aliam
675 1239 962 1275 alterationem
983 1240 1178 1285 generari
1198 1240 1474 1285 intelligimus,
1497 1241 1572 1276 sed
1595 1241 1687 1276 talis
1707 1242 1771 1277 est
1792 1250 1951 1283 sensus,
1979 1241 2088 1286 quod
2110 1244 2142 1268 ¹5

420 1304 592 1340 dicimus
616 1304 749 1348 ipsum
772 1305 1057 1340 alterationem
1081 1305 1249 1346 habere,
1272 1315 1393 1350 quam
1416 1305 1530 1350 prius
1548 1315 1631 1341 non
1647 1306 1838 1347 habebat,
1860 1315 1939 1342 nec
1958 1306 2089 1342 inten-

420 1367 552 1403 dimus
581 1367 660 1403 nisi
685 1368 819 1413 ipsam
847 1368 1137 1404 alterationem
1165 1369 1205 1404 in
1227 1371 1375 1405 natura
1395 1379 1448 1405 ex
1469 1369 1662 1405 albedine
1684 1370 1868 1414 copulari
1889 1370 2087 1406 subiecto.

562 1432 642 1469 Sed
680 1433 951 1478 opponitur
984 1434 1093 1478 quod
1131 1433 1318 1469 similiter
1353 1443 1445 1469 cum
1483 1434 1656 1470 dicimus
1688 1434 1822 1479 ipsum
1859 1435 2089 1471 subiectum

422 1498 587 1533 alterari
614 1507 689 1543 per
715 1498 961 1539 albedinem,
996 1498 1087 1534 talis
1123 1500 1186 1534 θεῖ
1213 1508 1376 1540 sensus,
1410 1501 1452 1534 ut
1488 1499 1724 1535 albedinem
1763 1499 1926 1541 habeat,
1966 1509 2088 1545 quam

420 1562 532 1607 prius
560 1572 644 1598 non
680 1563 872 1604 habebat,
907 1565 948 1599 et
984 1563 1040 1599 ita
1077 1573 1161 1599 non
1200 1564 1489 1600 alterationem
1531 1573 1584 1599 ex
1617 1564 1809 1600 albedine
1849 1564 2087 1601 venientem
2108 1572 2142 1597 20

418 1625 682 1672 intelligimus
710 1626 751 1662 in
780 1627 979 1669 subiecto,
1009 1627 1083 1663 sed
1112 1627 1243 1663 solam
1270 1627 1505 1664 albedinem
1534 1627 1721 1664 subiecto
1749 1627 2012 1670 conferimus,
2044 1629 2087 1664 ut

417 1690 498 1726 iam
526 1700 662 1736 neque
691 1701 744 1727 ex
772 1691 963 1728 albedine
991 1701 1127 1737 neque
1162 1692 1242 1728 alio
1277 1692 1482 1728 accidenti
1514 1692 1705 1728 videatur
1736 1692 1855 1729 nasci
1886 1693 2087 1735 alteratio,

419 1755 493 1791 sed
521 1756 576 1791 nil
604 1766 700 1792 esse
734 1757 911 1801 penitus.
965 1756 1046 1793 Sed
1082 1766 1174 1792 cum
1214 1757 1266 1792 sit
1302 1757 1491 1793 alteratio
1533 1757 1697 1802 species
1737 1759 1884 1799 motus,
1925 1758 2089 1803 oportet

418 1819 707 1855 alterationem
735 1820 887 1865 aliquid
916 1830 1023 1857 esse.
1076 1820 1250 1856 Constat
1276 1821 1427 1866 itaque,
1456 1831 1547 1857 cum
1569 1821 1739 1857 dicimus
1759 1821 1838 1857 hoc
1859 1821 2088 1871 subiectum

419 1883 587 1919 alterari
613 1893 688 1928 per
714 1884 960 1924 albedinem,
988 1884 1092 1920 duos
1127 1885 1262 1920 bonos
1297 1894 1447 1920 sensus
1481 1884 1626 1920 haberi
1652 1894 1790 1929 posse,
1817 1886 1861 1920 ut
1886 1885 1954 1921 vel
1990 1885 2088 1921 alte·
2106 1894 2140 1920 25

419 1948 621 1984 rationem
648 1949 688 1984 in
716 1950 864 1985 natura
891 1959 944 1985 ex
965 1949 1156 1985 albedine
1179 1949 1450 1985 attribuamus
1471 1950 1537 1985 vel
1555 1949 1688 1994 ipsam
1708 1949 1943 1986 albedinem
1964 1959 2087 1995 copu-

418 2013 560 2049 lemus.
611 2012 710 2049 Cum
739 2023 839 2050 vero
867 2014 1040 2050 dicimus
1068 2014 1202 2059 ipsum
1235 2014 1402 2050 alterari
1434 2024 1508 2059 per
1541 2014 1842 2055 alterationem,
1878 2015 1922 2050 ut
1955 2013 2087 2050 infini—

420 2078 547 2113 tatem
574 2077 764 2116 vitemus.
792 2087 898 2113 unus
925 2079 1083 2113 tantum
1110 2087 1237 2114 sanus
1267 2079 1330 2113 θεῖ
1362 2078 1608 2119 Intellectus,
1642 2079 1686 2113 ut
1718 2077 2005 2113 alterationem
2033 2086 2086 2113 ex

419 2142 511 2186 ipsa
525 2142 729 2180 albedine,
752 2152 835 2177 non
851 2142 1096 2178 alteratione
1113 2142 1349 2178 albedinem
1371 2142 1412 2178 in
1433 2144 1582 2178 natura
1603 2142 1790 2178 subiecto
1812 2141 2086 2178 conferamus.

561 2206 676 2243 Nunc
698 2209 891 2243 sextam
918 2207 1101 2251 speciem
1122 2208 1258 2243 motus
1278 2207 1604 2248 consideremus,
1628 2216 1734 2252 quae
1756 2212 1818 2242 est
1838 2206 2085 2252 permutatio
2105 2216 2141 2242 30

420 2271 470 2307 de
497 2271 588 2307 loco
617 2272 668 2307 ad
696 2272 842 2313 locum,
870 2272 1036 2317 quando
1063 2271 1258 2308 videlicet
1284 2281 1390 2308 unus
1422 2272 1538 2310 locus
1567 2271 1851 2308 substantialis
1885 2270 2087 2307 deseritur

420 2338 461 2371 et
487 2336 590 2372 alius
619 2336 853 2378 assumitur,
881 2338 924 2372 ut
951 2337 985 2372 si
1013 2337 1063 2372 de
1091 2337 1168 2373 hac
1202 2337 1323 2373 domo
1361 2338 1571 2373 transeam
1606 2336 1647 2372 in
1683 2336 1793 2372 illam
1821 2335 1887 2372 vel
1923 2335 1974 2372 de
2009 2335 2087 2371 hac

419 2402 531 2436 terra
574 2401 745 2446 migrem
791 2402 831 2437 in
876 2401 1011 2437 aliam.
1074 2401 1199 2437 Nota
1237 2403 1389 2440 autem.
1431 2402 1539 2446 quod
1579 2400 1820 2437 Boethius
1857 2400 1899 2436 in
1937 2400 2085 2436 tertio

418 2465 733 2510 Topicorum1
749 2466 902 2511 largius
919 2467 1068 2511 accipit
1083 2468 1238 2502 motum
1254 2466 1480 2502 secundum
1496 2466 1632 2502 locum
1647 2465 2085 2510 quamAristoteles

419 2530 498 2566 hoc
525 2531 627 2566 loco.
679 2530 737 2566 Ibi
764 2531 915 2576 quippe
943 2531 1184 2567 Boethius
1212 2533 1296 2566 tres
1324 2531 1488 2575 species
1522 2532 1658 2567 motus
1692 2530 1919 2567 secundum
1951 2530 2085 2566 locum
2105 2538 2139 2564 35

419 2595 544 2639 ponit,
573 2597 828 2631 crementum
856 2596 1023 2636 scilicet,
1052 2596 1376 2637 diminutionem,
1403 2596 1761 2640 permutationem,
1789 2604 1895 2640 quae
1929 2594 2087 2631 scilicet

419 2660 666 2704 permutatio
694 2661 936 2696 tantundem
964 2661 1075 2696 valet
1102 2662 1299 2704 quantum
1326 2660 1497 2696 mutatio
1531 2660 1758 2696 secundum
1790 2660 1936 2701 locum,
1964 2668 2085 2704 quem

419 2724 725 2760 Aristoteles
753 2725 913 2770 accipit,
934 2725 1099 2770 quando
1121 2725 1315 2761 videlicet
1336 2725 1388 2761 ad
1410 2725 1533 2761 alium
1554 2725 1689 2761 locum
1710 2725 1946 2761 transimus.
1985 2723 2085 2760 Cum

419 2789 558 2834 itaque
587 2789 808 2834 quaeritur,
836 2799 888 2825 an
916 2792 1050 2826 motus
1083 2790 1312 2826 secundum
1346 2790 1480 2826 locum
1513 2790 1564 2826 sit
1596 2791 1863 2832 crementum,
1896 2788 2085 2825 determi-

419 2854 599 2889 nandum
615 2856 688 2895 est,
705 2855 881 2899 qualiter
892 2856 1026 2890 motus
1044 2854 1270 2890 secundum
1283 2855 1418 2890 locum
1440 2854 1676 2899 accipiatur,
1698 2854 1813 2890 iuxta
1826 2853 2084 2890 Boethium
2103 2861 2138 2886 40

419 2918 613 2954 videlicet
631 2919 696 2954 vel
716 2919 832 2955 iuxta
852 2919 1189 2955 Aristotelem.
1242 2919 1283 2955 Si
1304 2919 1413 2955 enim
1432 2919 1548 2954 iuxta
1567 2918 1826 2955 Boethium
1848 2917 2084 2963 accipiatur,

562 3041 604 3072 29
633 3040 887 3073 alterationem
915 3041 1084 3073 albedine
1111 3040 1141 3072 A
1247 3041 1289 3072 34
1317 3038 1531 3080 secundum]
1557 3041 1617 3072 vel
1643 3040 1672 3072 A
1780 3040 1823 3072 38
1850 3039 2025 3072 transitus
2053 3039 2083 3070 Α

562 3108 573 3130 1
601 3109 761 3147 Boeth.,
792 3110 842 3141 De
868 3109 986 3141 differ.
1015 3111 1090 3149 top.
1117 3110 1174 3142 PL
1201 3110 1255 3147 64,
1283 3118 1317 3150 p.
1347 3110 1435 3141 1197
1452 3109 1493 3141 A.
