2200 3387
350 249 394 283 64
750 249 856 281 Peter
883 249 1085 281 Abaelards
1112 248 1247 289 Logiea
1274 246 1595 288 ,Ingredientibus‘.

351 346 454 382 cello
483 347 720 390 quaereret:
758 344 848 388 quis
883 346 1001 389 pater
1033 344 1099 380 ille
1135 344 1267 379 virum
1304 343 1370 387 qui
1407 342 1467 379 sic
1503 343 1720 379 comitatur
1755 344 1931 381 euntem.
1967 344 2009 378 et

352 410 675 454 responderetur
703 408 953 446 Marcellus.
988 418 1068 444 non
1097 411 1267 454 propter
1293 408 1566 444 substantiam
1595 416 1716 451 quam
1743 406 1921 447 videbat,
1947 415 2009 442 re-

352 483 550 519 sponsum
573 476 652 509 est:
676 473 926 513 Marcellus.
949 473 1022 508 sed
1040 475 1208 517 propter
1222 473 1452 518 ignoratam
1467 471 1717 516 qualitatem,
1739 480 1860 516 quam
1882 479 2008 507 sensu

352 538 567 584 percipere
602 547 682 573 non
727 540 899 583 poterat.
964 537 1037 573 Cui
1063 537 1187 572 etiam
1214 536 1455 572 Boethius
1491 535 1728 572 consentire
1772 535 1935 571 videtur
1969 534 2010 570 in

352 603 576 639 editione
605 603 828 638 secunda
862 611 1010 647 super
1038 601 1143 646 peri
1172 601 1464 639 ermenias1.
1497 600 1565 636 ubi
1597 600 1892 645 proprietatem
1925 599 2047 635 Pla-5

351 667 460 704 tonis
487 667 583 703 ficto
611 667 776 702 nomine
804 666 1090 711 platonitatem
1118 665 1308 710 appellat.

494 732 544 767 At
566 741 666 768 vero
695 731 728 766 si
755 731 967 766 individua
992 729 1170 766 hominis
1197 739 1270 775 per
1291 729 1573 765 accidentales
1600 729 1877 774 proprietates
1905 727 2013 764 effici

353 796 550 832 dicamus.
587 800 629 831 ut
665 795 878 831 Socratem
911 795 977 830 vel
1015 794 1123 830 hunc
1159 794 1378 831 hominem.
1415 793 1601 838 profecto
1638 793 1871 829 accidentia
1906 801 2013 837 quae

353 861 581 905 perfectiva
608 862 701 895 sunt
722 859 932 899 individui,
960 859 1099 904 priora
1119 860 1214 894 sunt
1233 858 1477 894 naturaliter
1497 857 1729 899 individuis,
1751 857 1898 902 quibus
1917 865 2014 893 esse

353 924 581 961 conferunt.
609 925 714 960 sicut
741 923 1000 959 rationalitas
1027 923 1193 959 homine
1227 923 1294 959 vel
1327 923 1476 958 albedo
1510 922 1602 958 albo
1638 931 1824 967 corpore.
1876 920 2013 962 Quare
2034 926 2068 952 10

353 988 585 1024 accidentia
619 987 656 1023 ei
689 987 829 1023 inesse
857 995 938 1022 non
965 988 1151 1031 possunt.
1203 985 1245 1021 Si
1279 987 1416 1021 autem
1443 985 1533 1027 <in>
1559 985 1780 1021 individuis
1814 994 1897 1020 non
1928 983 2016 1020 fun-

354 1053 513 1089 dantur.
536 1062 612 1088 nec
633 1051 673 1087 in
695 1051 925 1096 speciebus,
941 1050 1092 1095 quippe
1115 1050 1279 1095 species
1301 1051 1387 1086 tota
1408 1051 1470 1085 est
1490 1049 1689 1085 individui
1710 1049 1954 1090 substantia,
1975 1050 2016 1085 et

354 1125 640 1161 quaecumque
661 1116 701 1151 in
724 1115 918 1151 secundis
939 1114 1163 1150 fundantur
1178 1117 1217 1150 et
1239 1114 1279 1150 in
1295 1114 1436 1159 primis
1459 1114 1582 1150 etiam
1602 1113 1841 1150 substantiis
1862 1122 2015 1149 earum.

496 1181 680 1226 Amplius
715 1189 806 1216 cum
834 1179 1016 1215 Socratis
1044 1188 1197 1215 nomen
1225 1178 1390 1223 aliquod
1417 1178 1612 1214 accidens
1648 1180 1774 1218 notet,
1811 1177 2016 1222 quomodo

355 1246 451 1282 illud
474 1255 548 1291 per
569 1245 764 1281 accidens
784 1244 906 1280 inerit
928 1243 1099 1281 Socrati.
1121 1244 1184 1280 cui
1199 1253 1282 1279 non
1297 1245 1435 1288 potest
1456 1243 1608 1279 adesse
1624 1244 1664 1278 et
1684 1243 1836 1278 abesse
1851 1243 2018 1287 praeter
2038 1252 2071 1279 15

359 1310 665 1355 corruptionem
678 1309 698 1345 ἱ)
761 1308 921 1354 Quippe
955 1318 1045 1345 cum
1080 1307 1274 1344 Socrates
1313 1308 1473 1344 dicatur
1508 1308 1630 1343 homo
1665 1307 1770 1347 talis,
1815 1305 2019 1343 accidenti

355 1384 457 1411 vero
486 1376 701 1420 perempto
729 1383 804 1419 per
830 1373 940 1418 quod
967 1373 1061 1409 talis
1089 1374 1163 1415 est,
1189 1381 1273 1408 non
1300 1372 1431 1417 possit
1451 1372 1543 1408 talis
1572 1380 1803 1412 remanere,
1829 1370 2017 1416 profecto

355 1447 433 1474 nec
468 1438 662 1474 Socrates
703 1446 921 1473 remanere
955 1437 1105 1482 poterit
1141 1436 1345 1472 accidenti
1382 1436 1604 1476 destructo,
1639 1435 1745 1471 sicut
1782 1443 1861 1471 nec
1895 1434 2019 1471 homo

356 1504 396 1538 in
424 1513 474 1539 eo
503 1503 612 1548 quod
639 1503 762 1538 homo
790 1503 864 1541 est,
892 1504 1109 1546 perempta
1134 1500 1425 1539 rationalitate,
1452 1509 1527 1545 per
1554 1509 1676 1544 quam
1703 1499 1854 1535 existit.

498 1567 680 1603 Dicimus
706 1567 846 1611 itaque
873 1566 1084 1601 individua
1110 1565 1152 1600 in
1187 1565 1397 1610 personali
1423 1566 1582 1600 tantum
1609 1563 1861 1600 discretione
1888 1563 2021 1600 consi·
2039 1573 2075 1600 20

363 1634 485 1670 stere‚
512 1632 552 1667 in
580 1641 630 1667 eo
659 1631 815 1667 scilicet
842 1630 952 1676 quod
977 1630 1019 1665 in
1047 1639 1091 1666 se
1117 1639 1185 1665 res
1213 1638 1296 1665 una
1323 1631 1385 1665 est
1412 1629 1593 1665 discreta
1620 1629 1671 1664 ab
1700 1628 1891 1664 omnibus
1918 1627 2020 1668 aliis,

360 1706 467 1741 quae
489 1696 678 1732 omnibus
703 1696 826 1731 etiam
841 1694 1124 1731 accidentibus
1144 1694 1315 1730 remotis
1336 1693 1378 1729 in
1400 1703 1446 1729 se
1461 1702 1544 1728 una
1558 1692 1837 1738 personaliter
1856 1700 2023 1737 semper

357 1762 621 1805 permaneret
649 1769 725 1796 nec
752 1760 833 1795 alia
860 1759 1098 1795 efficeretur
1123 1767 1201 1794 nec
1234 1758 1368 1794 minus
1396 1757 1461 1793 hic
1495 1757 1616 1793 homo
1651 1743 1775 1797 esset,
1813 1756 1849 1792 si
1883 1756 2023 1792 omnia

358 1833 523 1869 quoque
545 1824 841 1868 separarentur
855 1822 1096 1861 accidentia,
1118 1824 1162 1858 ut
1183 1822 1218 1858 si
1238 1821 1304 1857 hic
1325 1821 1467 1857 calvus
1489 1830 1572 1856 non
1594 1824 1706 1857 esset
1720 1821 1787 1856 vel
1802 1819 1868 1856 hic
1882 1819 2022 1856 simus.

498 1888 545 1924 Et
573 1890 667 1924 sunt
694 1887 928 1933 plerique
956 1886 1025 1932 qui
1062 1887 1170 1922 hunc
1196 1885 1405 1922 hominem
1432 1894 1515 1921 non
1542 1894 1617 1930 per
1651 1884 1883 1920 accidentia
1916 1883 2023 1920 effici
2043 1898 2078 1924 25

361 1953 515 1989 volunt.
538 1952 610 1988 sed
633 1951 858 1989 Socratem.
880 1951 1001 1996 <quia
1022 1950 1239 1992 Socrates>
1261 1952 1323 1986 est
1342 1959 1426 1986 non
1447 1950 1488 1985 in
1510 1959 1560 1986 eo
1589 1949 1699 1994 quod
1720 1950 1783 1985 est
1802 1949 1868 1984 hic
1887 1948 2022 1989 homo,

363 2017 436 2053 sed
462 2017 503 2053 in
531 2027 581 2053 eo
610 2017 718 2061 quod
748 2018 811 2053 est
839 2015 1045 2052 Socrates.
1096 2015 1185 2051 Non
1214 2014 1322 2051 enim
1359 2014 1501 2050 volunt
1528 2014 1606 2050 hoc
1632 2013 1878 2049 vocabulum
1914 2012 2023 2058 quod

359 2084 424 2118 est
452 2081 528 2117 .hic
554 2082 688 2117 homo·
717 2081 825 2117 aliud
853 2083 1000 2117 notare
1028 2080 1105 2116 nisi
1141 2079 1350 2115 hominem
1383 2079 1424 2114 in
1461 2079 1539 2114 hac
1574 2077 1785 2124 personali
1821 2077 2023 2119 essentia;

361 2145 439 2181 hoc
466 2154 567 2181 vero
595 2154 747 2181 nomen
775 2144 885 2189 quod
913 2146 977 2180 est
998 2143 1205 2179 Socrates.
1233 2142 1460 2178 accidentis
1488 2141 1792 2187 designativum
1819 2140 1958 2176 dicunt
1984 2142 2026 2176 et

361 2210 557 2255 quidam
591 2209 772 2245 omnium
806 2209 1079 2245 accidentium
1117 2208 1205 2244 eius
1239 2207 1328 2243 sive
1366 2206 1660 2251 separabilium
1688 2205 1778 2241 sive
1812 2205 2025 2250 insepara-
2043 2219 2078 2245 30

361 2274 511 2312 bilium.
546 2274 742 2319 quidam
776 2273 1113 2318 inseparabilium
1141 2274 1310 2308 tantum.
1348 2271 1544 2316 quidam
1583 2270 1795 2306 cuiusdam
1833 2269 2025 2315 propriae

361 2339 519 2375 formae
553 2348 606 2374 ex
648 2338 933 2374 accidentibus
966 2338 1145 2377 innatae,
1183 2346 1305 2382 quam
1345 2335 1627 2372 socratitatem
1662 2334 1829 2380 proprie
1862 2335 2025 2370 vocant.

362 2404 413 2440 At
440 2412 541 2439 vero
569 2403 672 2439 alii.
701 2403 768 2448 qui
794 2403 835 2439 in
864 2402 1029 2438 nomine
1052 2401 1233 2438 Socratis
1255 2400 1393 2437 omnia
1414 2409 1510 2436 esse
1532 2399 1764 2436 accidentia
1783 2398 2026 2444 intelligunt,

362 2469 422 2504 sic
449 2477 612 2513 quoque
640 2468 770 2513 ipsum
802 2467 1036 2512 impositum
1069 2466 1198 2502 tuisse
1226 2466 1374 2502 dicunt.
1399 2466 1443 2500 ut
1475 2464 1585 2500 omni
1619 2466 1804 2508 tempore
1831 2472 1912 2508 quo
1937 2471 2027 2508 pro-

361 2532 558 2569 feruntur,
586 2532 724 2568 omnia
743 2541 851 2576 quae
871 2534 967 2567 tunc
988 2531 1162 2568 haberet
1183 2530 1426 2569 accidentia,
1448 2528 1713 2575 significaret,
1736 2530 1776 2564 et
1797 2527 1885 2564 eius
1905 2526 2027 2573 signi-
2045 2541 2081 2567 35

363 2597 601 2633 ficationem
628 2596 869 2641 frequenter
894 2596 1048 2632 variari
1074 2595 1309 2632 concedunt
1342 2593 1569 2630 secundum
1595 2592 1870 2629 accidentium
1895 2591 2027 2628 varia-

364 2662 531 2698 tionem.
588 2660 635 2696 Et
668 2661 707 2696 hi
741 2670 905 2705 quoque
942 2660 1225 2696 socratitatem
1264 2661 1392 2695 totam
1429 2657 1704 2694 accidentium
1739 2656 2026 2693 collectionem

365 2728 527 2762 vocant.
578 2725 662 2761 Nec
700 2727 797 2761 tunc
825 2725 1044 2761 socratitas
1072 2732 1155 2760 una
1180 2732 1249 2760 res
1277 2724 1341 2759 est
1373 2732 1449 2768 per
1480 2723 1680 2762 naturam,
1717 2721 1793 2757 sed
1828 2720 2028 2766 composi-

364 2792 448 2826 tum
469 2790 733 2826 individuum.
766 2789 814 2825 Hi
837 2799 937 2825 vero
961 2789 1028 2833 qui
1057 2788 1337 2824 socratitatem
1360 2788 1511 2823 vocant
1532 2786 1828 2831 proprietatem
1849 2794 1903 2821 ex
1923 2784 2028 2821 acci-

366 2855 567 2895 dentibus,
605 2854 645 2890 in
673 2856 822 2890 natura
848 2862 940 2889 eam
966 2853 1219 2889 individuum
1248 2852 1458 2897 appellant
1482 2852 1688 2887 humanae
1715 2849 2027 2895 compositionis
2046 2856 2082 2882 40

368 2928 420 2955 ex
447 2919 730 2955 accidentibus
756 2918 935 2954 innatae.

508 3034 526 3066 2
548 3034 795 3074 respondetur
810 3034 837 3064 Α
886 3033 928 3065 24
945 3034 983 3065 ut
997 3030 1042 3072 si]
1058 3032 1103 3064 At
1114 3040 1204 3064 vero
1220 3032 1249 3063 A
1299 3031 1341 3064 32
1362 3031 1710 3072 .s·qq.socraeitatem
1724 3030 1753 3062 A
1798 3027 1842 3066 34
1858 3029 2027 3069 sicqueA

508 3102 519 3124 ¹
547 3103 711 3141 Boeth„
740 3103 879 3135 Comm.
908 3103 947 3134 in
976 3102 1057 3134 libr.
1086 3102 1200 3134 Arest.
1230 3098 1326 3143 Περὶ
1353 3101 1433 3143 ἑρμ.
1461 3102 1515 3133 ed.
1544 3101 1708 3132 Meiser
1733 3100 1772 3139 II,
1801 3098 1899 3132 137⁶.
