2200 3387
188 902 219 927 10

188 1230 221 1255 15

186 1562 222 1588 20

189 2217 224 2242 30

191 2547 226 2571 35

193 2871 229 2897 40

597 208 624 240 1.
654 207 718 240 Die
746 208 902 239 Glosscn
932 215 974 238 zu
1006 206 1237 246 Porphyrius,
1268 224 1302 227 -ᾼν
1341 205 1390 237 lle
1418 214 1566 245 genere.
1867 195 1912 236 :323

238 315 321 342 una
347 307 504 342 tantum
527 304 834 351 significatione
856 304 1000 348 accipi.
1054 303 1171 344 Quod
1195 302 1331 339 statim
1356 303 1600 348 comprobat
1622 303 1674 338 ab
1696 301 1912 347 oppositis.

237 380 329 407 cum
357 370 552 416 supponit
580 372 664 406 tres
691 370 781 406 eius
809 368 1152 415 significationes.
1181 378 1229 404 ac
1257 368 1291 403 si
1315 368 1489 404 diceret:
1520 368 1626 404 Vere
1657 378 1736 403 non
1767 367 1914 403 dicitur

238 435 492 481 simpliciter.
529 436 625 481 quia
665 435 727 471 his
768 435 898 470 tribus
938 434 1081 470 modis.
1123 436 1163 469 et
1201 434 1312 478 prius
1348 433 1398 469 de
1427 433 1701 477 generatione
1731 433 1912 469 ostendit

239 502 401 538 dicens:
425 503 430 546 Ι

383 567 524 603 Genus
563 566 722 602 dic-ilar
764 566 952 601 collectio
993 565 1245 610 aliquorum
1293 565 1541 600 habeuh'nm
1589 575 1630 598 se
1676 565 1734 599 ad
1781 575 1913 600 mmm

238 633 422 678 aliquid.
456 642 481 668 a
508 641 589 678 quo
623 631 781 668 scilicet
808 631 1044 677 significata
1073 633 1178 669 sunt.
1207 630 1460 669 habentium.
1498 630 1676 675 inquam.
1706 631 1914 675 quodam-

241 699 381 738 modo,
418 698 646 734 secundum
684 697 761 733 hoc
789 696 957 734 scilicet.
998 696 1106 741 quod
1145 696 1181 732 ei
1224 706 1298 741 per
1332 695 1737 742 consanguinitatem
1776 705 1914 740 quam-

239 772 416 808 cumque
438 762 660 800 coniuncti.
689 762 756 798 alii
779 761 940 798 scilicet
961 763 1003 798 ut
1017 761 1101 800 filii.
1125 761 1192 798 alii
1210 764 1251 798 ut
1272 764 1461 807 nepotes.
1477 764 1518 798 et
1534 761 1658 797 etiam
1675 761 1913 797 habentium

239 839 286 865 se
314 829 366 865 ad
394 828 585 869 invicem.
625 827 723 874 quia
750 829 791 865 et
819 828 878 864 sic
915 827 1123 864 coniuncti
1161 829 1257 863 sunt
1293 836 1368 872 per
1395 827 1586 863 diversas
1624 827 1916 873 consanguini-

239 894 336 931 tatis
364 894 509 930 lineas.
561 892 687 930 Cuius
716 892 1035 939 significationis
1063 893 1300 938 exemplum
1329 892 1526 938 supponit
1555 893 1718 928 dicens:
1765 893 1915 928 Secun-

240 960 341 995 dum
387 969 520 1004 quam
565 959 929 1003 sifmisiealionem
974 958 1287 1000 Romanorum.
1322 958 1481 994 scilicet
1514 958 1716 995 collectio.
1757 958 1917 994 dieitur·

237 1034 372 1068 uenus
398 1025 451 1060 ab
473 1024 727 1061 habitudine
749 1024 936 1066 Romuli,
957 1033 1033 1069 per
1060 1024 1138 1060 hoc
1167 1023 1335 1060 scilicet.
1364 1024 1473 1068 quod
1496 1023 1547 1059 ad
1577 1023 1789 1059 Romulum
1819 1033 1916 1060 sese

239 1090 365 1127 habet
399 1100 474 1136 per
500 1089 806 1136 cognationem.
858 1090 918 1125 ΑΙ)
947 1090 1205 1125 habitudine
1233 1089 1420 1130 Romuli.
1453 1089 1492 1125 id
1528 1092 1592 1125 est
1631 1098 1684 1126 ex
1717 1098 1768 1125 eo
1806 1089 1916 1134 quod

240 1158 305 1192 est
341 1155 557 1192 multitudo
597 1155 756 1192 habens
795 1164 886 1191 eam
916 1155 1222 1201 cognationem.
1252 1163 1359 1200 quae
1383 1157 1446 1190 est
1474 1155 1526 1190 ab
1554 1155 1633 1192 illo.
1663 1154 1701 1190 id
1731 1156 1795 1191 est
1822 1164 1916 1191 con-

241 1221 577 1268 sanguinitatem.
615 1230 737 1266 quam
775 1221 931 1257 habent
966 1230 1043 1266 per
1087 1220 1197 1257 illum
1234 1220 1286 1256 ad
1323 1220 1512 1256 invicem.
1564 1220 1654 1256 Non
1693 1221 1801 1256 enim
1840 1221 1917 1256 soli

240 1287 348 1332 patri
375 1287 585 1324 coniuncti
612 1288 707 1323 sunt
734 1295 902 1332 semper
928 1295 1004 1332 per
1015 1286 1436 1332 consanguinitatem.
1465 1285 1538 1321 sed
1568 1285 1693 1322 etiam
1722 1286 1810 1322 sibi.
1851 1287 1916 1321 Se-

240 1353 427 1389 cundum
452 1352 706 1389 divisionem
733 1352 1098 1397 multitudinis
1113 1354 1135 1388 ¹.
1159 1351 1262 1389 dico.
1282 1351 1429 1390 (lictae.
1452 1351 1610 1387 scilicet
1624 1351 1916 1389 Romanorum.

241 1421 283 1455 et
320 1418 377 1455 ita
416 1418 692 1454 determinate
732 1418 962 1454 secundum
994 1417 1242 1453 divisionem
1280 1417 1332 1453 ab
1374 1416 1466 1453 aliis
1504 1417 1741 1463 generibus.
1779 1417 1817 1453 id
1856 1420 1918 1453 est

242 1486 413 1530 propter
458 1483 736 1520 differentiam
783 1483 1087 1519 ostendendam
1134 1483 1186 1518 ab
1232 1482 1324 1518 aliis
1370 1482 1724 1529 generationibus.
1770 1485 1813 1519 ut
1853 1485 1918 1519 est

243 1549 462 1597 generatio
488 1548 780 1585 Thebanorum
809 1550 874 1585 vel
896 1548 1224 1585 Atheniensium.
1266 1548 1339 1584 Vel
1362 1548 1435 1585 ita:
1465 1548 1761 1584 multitudinis
1782 1549 1918 1584 dietae

241 1616 294 1651 ab
322 1615 426 1651 aliis
451 1615 690 1660 yeneribus,
716 1614 756 1651 id
784 1616 849 1651 est
877 1614 1107 1651 secundum
1134 1614 1224 1651 hoc.
1259 1614 1369 1659 quod
1397 1616 1462 1650 est
1489 1614 1658 1650 diversa
1686 1623 1768 1650 una
1795 1614 1919 1660 signi-

241 1680 383 1717 ficatio
411 1680 579 1726 generis
607 1680 659 1716 ab
687 1680 778 1716 aliis
805 1680 978 1717 duabus.
1006 1689 1180 1725 quarum
1208 1679 1366 1716 scilicet
1393 1680 1566 1716 duarum
1593 1679 1704 1716 illam
1740 1679 1918 1725 quidem.

1941 502 1962 532 s.
1991 502 2043 533 51)

1956 544 2093 580 Boeth.

1945 605 1978 637 p.
1999 595 2105 628 1”ι“1’-’-’ί

1942 1716 1972 1751 B
1981 1715 2084 1751 oeth.

243 1755 366 1791 quam
422 1745 668 1791 principium
721 1747 856 1785 vocat.
903 1745 1041 1782 statim
1089 1745 1286 1790 supponit
1331 1744 1494 1781 dicens:
1556 1745 1725 1781 Dicitur
1773 1747 1915 1781 autem
1949 1765 2085 1808 [1274ss

242 1811 372 1847 aliter
398 1813 473 1848 etc.
501 1811 555 1848 ab
589 1821 647 1847 eo.
699 1810 747 1848 Et
780 1810 1023 1856 principium
1059 1810 1151 1847 dico
1188 1811 1250 1846 vel
1287 1820 1334 1846 er
1369 1820 1429 1853 eo,
1465 1810 1505 1846 id
1537 1812 1598 1846 est
1625 1812 1796 1855 propter
1829 1810 1918 1848 hoc.

244 1876 361 1922 quod
384 1876 545 1921 yenatit.
571 1876 634 1913 vel
661 1886 688 1912 a
716 1876 806 1912 loc-0
835 1878 923 1913 etc..
950 1876 992 1912 id
1020 1878 1084 1912 est
1112 1876 1340 1912 secundum
1369 1876 1459 1915 hoc.
1493 1876 1603 1920 quod
1632 1878 1696 1911 est
1722 1875 1850 1914 locus.
1878 1876 1918 1911 in

243 1951 325 1987 quo
353 1941 501 1987 aliquis
529 1943 594 1978 est
620 1941 799 1988 genitus.
850 1941 975 1978 Nota
1003 1943 1154 1979 autem.
1183 1941 1293 1986 quod
1322 1950 1414 1977 cum
1443 1942 1620 1986 quatuor
1648 1940 1730 1977 sint
1751 1941 1918 1987 proprie

243 2007 447 2053 principia
477 2008 586 2044 teste
611 2007 876 2045 Boethio2.
905 2010 1083 2053 quatuor
1107 2007 1265 2043 scilicet
1295 2016 1464 2046 causae.
1495 2006 1686 2043 efficiens
1714 2007 1918 2047 videlicet.

244 2072 482 2111 materialis.
521 2072 719 2114 formalis.
752 2073 903 2112 finalis.
941 2075 982 2109 et
1018 2073 1098 2109 duo
1136 2073 1219 2109 alia
1255 2074 1351 2109 sunt
1376 2072 1579 2118 principia
1615 2082 1690 2117 per
1722 2073 1919 2109 accidens

244 2140 286 2175 et
312 2148 396 2175 non
424 2138 482 2175 ita
508 2138 687 2185 proprie.
715 2139 832 2175 locus
860 2138 1020 2175 scilicet
1036 2141 1077 2175 et
1098 2141 1273 2184 tempus.
1301 2147 1376 2184 pro
1399 2147 1449 2174 eo
1472 2138 1640 2176 scilicet.
1663 2139 1774 2183 quod
1796 2148 1918 2175 omne

245 2204 355 2250 quod
399 2204 445 2240 fit
491 2205 557 2241 vel
597 2204 750 2243 existit.
787 2204 827 2241 in
864 2205 955 2240 loco
993 2205 1058 2240 vel
1099 2204 1139 2240 in
1176 2206 1365 2250 tempore
1402 2206 1476 2240 est.
1529 2203 1603 2240 Hic
1638 2203 1679 2240 in
1716 2203 1919 2249 principio

244 2279 370 2306 unum
404 2270 455 2306 de
483 2269 662 2316 propriis
699 2270 860 2315 accipit.
902 2269 1060 2306 scilicet
1088 2272 1249 2315 patrem
1277 2269 1345 2315 qui
1374 2269 1564 2306 efficiens
1601 2271 1676 2307 est.
1715 2272 1755 2305 et
1794 2279 1918 2305 unum

245 2335 297 2372 de
325 2335 665 2374 accidentalibus.
694 2335 852 2372 scilicet
882 2336 1028 2372 locum.

388 2400 514 2438 Nota
553 2403 704 2439 tamen.
745 2401 855 2446 quod
896 2411 979 2437 non
1014 2402 1182 2437 multum
1213 2401 1381 2446 proprie
1409 2402 1529 2446 pater
1566 2400 1755 2437 efficiens
1792 2410 1920 2437 causa

246 2466 394 2502 dicitur
425 2466 510 2506 filii,
554 2466 651 2512 quia
684 2466 843 2503 scilicet
870 2467 908 2503 ei
934 2466 1109 2503 formam
1146 2466 1415 2503 humanitatis
1443 2466 1689 2511 operatione
1727 2475 1804 2502 sua
1837 2475 1918 2502 non

246 2531 427 2577 adaptat,
456 2532 530 2569 sed
560 2531 696 2568 infuso
725 2532 885 2569 semine
913 2534 1063 2568 natura
1090 2533 1141 2569 de
1170 2542 1220 2569 eo
1248 2532 1409 2568 occulte
1444 2534 1642 2577 operatur
1675 2541 1752 2568 nec
1786 2531 1920 2576 ipsum

246 2596 381 2633 minus
421 2597 631 2636 formaret.
671 2597 832 2634 etiamsi
869 2599 989 2644 pater
1022 2607 1104 2634 non
1133 2600 1256 2635 esset.
1308 2597 1427 2634 Unde
1460 2597 1533 2633 filii
1567 2597 1800 2634 substantia
1837 2607 1917 2633 non

247 2662 424 2698 hominis
451 2671 555 2708 opus
586 2665 661 2703 est.
699 2663 774 2700 sed
811 2666 998 2700 naturae.
1052 2663 1239 2704 Quodam
1274 2665 1412 2699 tamen
1442 2663 1565 2699 modo
1593 2662 1763 2699 efficere
1791 2662 1918 2698 filium

248 2729 367 2773 pater
400 2727 558 2767 dicitur.
596 2738 687 2765 cum
716 2729 895 2773 quadam
924 2729 1089 2766 actione
1118 2729 1169 2765 ad
1198 2738 1293 2765 esse
1321 2731 1385 2765 est
1412 2728 1648 2774 perductus.
1699 2728 1766 2763 Sic·
1793 2728 1919 2763 enim.

249 2793 399 2829 Probat
419 2802 445 2829 a
465 2793 652 2838 partibus
674 2795 757 2830 tam
783 2796 942 2839 patrem
968 2804 1090 2840 quam
1117 2795 1251 2831 locum
1268 2794 1347 2830 dici
1363 2803 1507 2840 genus.
1535 2793 1574 2829 id
1591 2795 1655 2829 est
1675 2792 1920 2838 principium

249 2860 556 2904 generatorum.
596 2859 692 2904 quia
732 2859 927 2896 videlicet
964 2859 1162 2896 Tantalus
1196 2862 1236 2895 et
1272 2859 1472 2895 Hercules
1521 2858 1682 2894 Orestis
1721 2859 1761 2894 et
1804 2858 1921 2903 Hylli.

392 2975 411 3007 9
440 2973 508 3014 sic]
530 2975 560 3008 si
581 2975 608 3008 Α
666 2977 706 3008 14
728 2974 885 3017 habens]
907 2976 1101 3008 hominisA
1161 2977 1201 3007 15
1224 2975 1358 3008 habeat
1374 2975 1401 3008 A
1462 2975 1505 3008 20
1520 2975 1602 3008 dico
1617 2974 1645 3007 A
1699 2976 1808 3011 2228
1826 2975 1920 3016 prin-

250 3034 428 3075 cipaliaA
532 3034 574 3066 40
603 3034 761 3067 horestis
789 3037 824 3067 et
851 3034 889 3067 lli
910 3034 937 3067 Α

393 3109 402 3132 ¹
432 3110 592 3149 Hoetu..
622 3111 642 3143 1.
671 3120 710 3147 c..
739 3119 773 3151 p.
804 3111 869 3143 173
886 3110 924 3144 ¹⁴.
1023 3111 1037 3132 ·-’
1064 3111 1225 3147 Βορῑὴ..
1254 3111 1274 3143 1.
1304 3120 1342 3146 e..
1373 3120 1405 3151 p.
1437 3110 1562 3145 174¹⁴2
1593 3103 1700 3144 1757:
1729 3110 1823 3142 ειν-’ψ

322 3171 435 3199 heinr.
459 3171 531 3198 xxi.
569 3173 709 3205 Geyer.
733 3172 902 3199 Almeiurds
924 3172 1030 3205 philos.
1051 3171 1211 3199 Schriften.
1759 3183 1777 3213 3
