2200 3387
187 1606 323 1639 Boeth.

180 1664 212 1695 p.
225 1652 335 1686 29513

217 1763 238 1793 s.
270 1764 334 1793 141·

370 243 414 272 5le
780 244 885 274 l’eter
913 244 1114 274 ,xlizii‘liunls
1144 244 1274 283 liogiwi
1303 244 1628 281 ,lnui-‹nliontilmsl

371 338 561 373 celeriter
588 341 627 374 et
656 339 823 374 moveri.
877 339 1098 375 Praeterea
1137 339 1277 384 generi
1317 342 1357 374 et
1394 339 1654 375 differentiae
1692 340 1743 375 nil
1785 340 2026 378 attribuitur.

373 403 444 438 sed
475 403 822 447 praedicamentis
851 413 1002 439 eorum.
1056 404 1134 439 Sed
1165 404 1348 448 profecto
1376 404 1470 439 licet
1507 404 1746 448 praedicata
1783 404 1949 449 generis
1988 407 2028 440 et

372 467 630 502 differentiae
659 467 913 503 subiciantur
940 470 979 503 et
1008 468 1173 503 diversa
1203 468 1346 503 iterum
1376 468 1426 503 de
1455 467 1514 503 eis
1548 468 1850 512 praedicentur,
1889 470 2026 504 tamen

370 532 573 575 quaedam
614 532 835 567 similitudo
874 532 1040 577 generis
1079 535 1117 568 et
1161 532 1420 568 differentiae
1461 532 1498 567 in
1540 541 1590 567 eo
1630 534 1881 568 monstratur
1920 533 2027 577 quod

371 596 690 640 unumquodque
719 605 834 631 suum
866 596 1130 640 praedicandi
1162 596 1321 631 modum
1352 604 1516 639 semper
1543 596 1679 631 habet.
1716 596 1810 631 licet
1838 596 1945 632 modi
1973 596 2026 631 illi
2047 605 2063 627 ⁵

369 660 450 695 sint
478 660 641 696 diversi.
693 661 802 696 Talis
831 661 938 696 enim
967 662 1205 705 frequenter
1233 660 1453 695 similitudo
1481 661 1728 705 assignatur.
1760 661 1885 696 veluti
1913 661 1947 696 si
1974 661 2028 696 di—

368 731 527 758 camus:
563 725 756 759 socrates
785 727 824 759 et
853 724 963 759 Plato
992 724 1241 759 conveniunt
1270 724 1307 758 in
1338 733 1387 759 eo
1416 724 1523 767 quod
1552 726 1724 768 uterque
1747 723 1874 768 diligit
1900 723 2026 759 filium

368 798 495 824 suum.
524 789 617 824 licet
645 788 726 824 sint
754 798 895 823 eorum
930 789 999 823 filii
1034 788 1198 823 diversi.
1251 788 1356 823 Nam
1387 798 1479 839 culm
1509 789 1572 823 sil.
1626 788 1817 823 Ostendit
1843 788 1882 823 in
1910 789 2027 832 parte

367 853 533 897 generis
556 857 595 889 et
617 853 888 890 differentiae,
911 854 1018 897 quod
1041 854 1108 889 ait.
1161 853 1205 888 Et
1227 854 1446 889 attende,
1475 854 1583 897 quod
1607 853 1675 892 ,uti
1697 853 1868 889 ratione·
1892 855 2026 889 actum

368 918 566 962 designat.
603 918 826 953 rationale·
851 927 949 952 vero
979 918 1202 962 potentiam
1226 918 1354 962 ipsius
1377 921 1504 953 actus*
1556 918 1673 953 Unde
1703 918 1835 953 minus
1869 919 1931 953 est
1959 917 2027 957 ,uti

367 982 537 1016 ratione·
568 991 688 1025 quam
713 982 951 1017 ,rationalem
980 981 1073 1017 licet
1102 981 1382 1026 praedicatum
1407 982 1597 1026 appellet.
1649 981 1728 1017 Sec!
1761 982 1809 1016 {le
1836 981 1894 1016 eis
1920 990 2029 1025 quae

365 1048 463 1081 seen!
491 1047 566 1080 sub
595 1047 815 1085 rationali,
847 1046 883 1081 id
907 1049 969 1081 est
991 1046 1041 1081 de
1067 1046 1204 1090 aliqua
1232 1046 1371 1090 specie
1394 1046 1619 1090 supposita.
1639 1046 1764 1081 veluti
1786 1046 1836 1081 dc
1864 1045 2028 1081 homine

367 1111 454 1145 sive
491 1111 588 1146 Deo.
653 1111 953 1146 Boethius1:
994 1110 1369 1155 Quandocumque,
1409 1111 1549 1155 inquit.
1588 1111 1718 1146 Deum
1759 1110 2028 1155 supponimus

365 1175 542 1210 animali.
572 1175 797 1211 secundum
827 1185 919 1210 eam
946 1176 1270 1220 propositionem
1298 1176 1483 1210 facimus,
1513 1185 1618 1220 quae
1647 1177 1775 1211 solem
1805 1175 2028 1219 stellasque

365 1242 488 1283 atque
518 1239 624 1275 hunc
653 1242 778 1274 totum
809 1239 1002 1274 mundum
1031 1239 1253 1274 animatum
1284 1248 1378 1274 esse
1407 1239 1634 1275 confirmat.
1663 1248 1766 1283 quos
1788 1239 1911 1274 etiam
1933 1239 2027 1274 deo-

366 1314 451 1339 rum
483 1304 659 1340 nomine.
698 1307 739 1339 ut
767 1314 891 1348 supra
926 1304 1074 1339 dictum
1113 1307 1187 1339 est.
1224 1304 1560 1348 appellaverunt:
1614 1304 1846 1339 Csm'tmmw
1872 1305 2025 1339 autem.

365 1369 634 1413 Categoricas
662 1369 853 1414 intellige.
888 1379 978 1404 cum
1008 1369 1079 1404 ait:
1133 1368 1173 1404 Si
1202 1378 1281 1404 non
1318 1371 1381 1404 est
1410 1361 1566 1404 ‘animal
1594 1369 1659 1404 vel
1692 1368 1907 1407 rationale,
1944 1377 2025 1404 non

365 1437 428 1470 est
456 1435 589 1470 homo.
619 1444 666 1470 ac
695 1435 726 1469 si
756 1434 874 1470 dicat.
904 1434 957 1469 nil
986 1436 1121 1478 potest
1148 1443 1244 1469 esse
1273 1434 1394 1469 homo
1422 1434 1488 1474 ita,
1523 1434 1630 1477 quod
1667 1442 1749 1468 non
1786 1433 1838 1469 sit
1875 1433 2024 1468 animal

364 1499 430 1535 vel
458 1509 539 1535 non
569 1499 620 1535 sit
648 1500 860 1535 rationale.
912 1499 1027 1535 Hanc
1063 1499 1404 1543 consequentiam
1440 1498 1548 1534 enim
1587 1498 1826 1543 recipimus:
1867 1497 1907 1533 Si
1944 1507 2023 1533 non

365 1567 427 1599 est
455 1564 667 1600 rationale.
695 1573 777 1599 non
806 1566 869 1599 est
896 1564 1028 1599 homo.

504 1629 732 1673 Proprium
764 1631 917 1663 antem.
971 1629 1069 1664 Post
1108 1628 1442 1664 convenientiam
1483 1627 1648 1673 generis
1685 1629 1725 1663 et
1765 1627 2025 1663 differentiae

365 1693 526 1736 quidem
543 1693 735 1737 supponit
751 1693 1037 1729 differentiam.
1079 1693 1194 1732 Quod
1225 1693 1319 1728 dicit
1345 1693 1589 1737 ,propriumz
1615 1692 1696 1727 tale
1722 1694 1802 1727 est:
1835 1692 1900 1727 isti
1931 1701 2025 1727 con-

362 1758 475 1793 venit
498 1759 501 1801 3
527 1760 566 1793 et
595 1758 689 1793 nulli
718 1758 797 1793 alii.
833 1758 1037 1793 Accidens
1066 1758 1171 1793 sicut
1199 1758 1405 1802 proprium
1436 1758 1500 1792 vel
1529 1756 1804 1792 differentiam
1832 1758 2023 1801 respectu

364 1823 519 1867 speciei
555 1823 709 1867 accipe.
744 1825 785 1858 ut
822 1822 1116 1866 grammaticus
1144 1822 1351 1867 proprium
1382 1824 1445 1857 est
1479 1822 1674 1858 accidens
1702 1821 1891 1859 hominis,
1928 1820 2024 1856 alio-

363 1888 459 1931 quin
487 1888 683 1923 accidens
711 1897 836 1932 saepe
865 1888 915 1923 de
944 1888 1126 1931 pluribus
1155 1897 1277 1931 quam
1311 1896 1442 1932 genus
1481 1887 1803 1931 praedicaretur.
1840 1887 1883 1921 ut
1917 1885 2024 1921 colo—

362 1955 494 1988 ratum
533 1962 652 1997 quarn
695 1953 857 1988 animal.
917 1952 1199 1988 Differentiam
1239 1961 1402 1996 quoque
1440 1951 1747 1987 constitutivam
1783 1950 1939 1995 speciei
1974 1959 2023 1986 ac

363 2017 579 2053 divisivam
620 2017 786 2061 generis
833 2027 881 2052 ac
917 2026 1060 2052 rursus
1096 2018 1332 2052 contentam
1378 2016 1569 2060 intellige.
1616 2015 1723 2060 quod
1759 2015 1848 2059 ipse
1876 2016 2023 2059 postea

363 2082 662 2117 determinabit.
715 2082 890 2117 i-lm'mal
918 2082 1041 2116 enfin.
1096 2081 1136 2116 In
1165 2081 1349 2125 partibus
1379 2080 1569 2117 ostendit,
1598 2080 1704 2124 quod
1733 2080 1798 2115 ait.
1852 2080 2022 2123 Oportet

362 2149 515 2182 (intem.
568 2147 639 2182 Hic
680 2147 926 2182 determinat
965 2156 1058 2182 esse
1098 2146 1407 2191 intelligendum
1455 2146 1504 2181 de
1545 2145 1730 2181 divisivis
1768 2143 2022 2185 differentiis,

362 2221 443 2247 non
491 2212 541 2247 de
587 2211 864 2247 constitutivis
909 2211 1085 2256 generis.
1143 2211 1351 2255 Amplius.
1409 2211 1541 2246 Aliam
1582 2210 1696 2254 ponit
1736 2208 2022 2249 differentiam,

362 2277 470 2321 quod
492 2276 647 2312 scilicet
668 2286 800 2321 genus
823 2276 1006 2311 continet
1027 2275 1284 2311 differentias
1311 2275 1496 2319 singulas
1518 2274 1724 2311 divisivas.
1752 2273 1848 2318 quia
1868 2273 2021 2318 largius

362 2342 425 2375 est
454 2340 490 2375 in
522 2340 813 2376 nominatione.
843 2339 1102 2375 differentiae
1125 2348 1225 2374 vero
1247 2339 1520 2374 continentur.
1573 2337 1688 2378 Quod
1703 2338 1759 2373 ait
1780 2338 2020 2382 ,potestaten

361 2405 412 2439 nil
443 2405 493 2440 ad
523 2404 808 2440 differentiam.
837 2405 910 2439 sed
934 2405 983 2439 ad
1013 2404 1174 2439 modum
1205 2404 1570 2439 demonstrandum
1599 2402 1890 2439 continentiae.
1913 2401 2021 2446 quod

361 2470 416 2504 ita
437 2470 594 2505 scilicet
614 2479 686 2505 eas
714 2469 907 2504 continet.
936 2469 1044 2513 quod
1068 2470 1220 2503 vocant
1247 2478 1330 2503 rem
1354 2468 1580 2503 subiectam
1604 2468 1642 2502 in
1666 2477 1715 2502 eo
1736 2469 1842 2502 statu
1866 2476 1918 2502 ex
1941 2475 2019 2511 quo

362 2534 455 2569 nulli
491 2534 815 2569 differentiarum
851 2536 1064 2578 repugnat.
1104 2533 1208 2569 sicut
1242 2534 1280 2568 in
1315 2532 1642 2568 Differentia2
1681 2532 1914 2576 expositum
1949 2535 2015 2567 esl

360 2600 388 2633 Α
399 2599 559 2643 mplius
578 2609 746 2641 fsmwra,
768 2598 863 2642 quia
885 2598 1041 2633 scilicet
1062 2598 1298 2642 significant
1319 2607 1404 2632 rem
1428 2598 1465 2632 in
1490 2599 1600 2632 statu
1616 2597 1858 2632 naturaliter
1878 2596 2020 2641 priori:

360 2663 603 2699 naturaliter
651 2664 758 2698 enim
809 2663 919 2707 prius
959 2666 1022 2698 est
1062 2663 1210 2698 animal
1252 2662 1494 2698 substantia.
1536 2671 1655 2706 quam
1698 2661 1900 2697 rationale
1935 2660 2018 2696 fiat.

362 2729 538 2772 Propter
564 2729 687 2772 quod.
749 2728 853 2767 Quia
881 2727 1038 2762 scilicet
1067 2729 1130 2762 est
1168 2727 1280 2771 prius
1309 2726 1346 2762 in
1377 2726 1696 2771 significatione.
1739 2726 1949 2762 destructa
1975 2734 2019 2760 re

502 2866 520 2895 3
548 2862 683 2902 tamen]
711 2872 788 2895 cum
822 2865 846 2894 ,1
982 2864 1000 2893 5
1030 2863 1204 2902 praeditis
1232 2863 1256 2894 Al
1387 2864 1425 2894 14
1463 2863 1748 2903 propositionem
1776 2863 1887 2895 mulli
1913 2862 2016 2894 codd.

360 2923 505 2953 Boethii
533 2923 737 2962 opinionem
766 2923 886 2953 editor
910 2924 943 2953 et
963 2922 1088 2953 Abczel.
1112 2922 1132 2952 I.
1156 2930 1182 2952 (ι.
1284 2923 1324 2952 16
1353 2922 1479 2961 supra]
1503 2930 1617 2961 saepe
1645 2922 1772 2954 Boellz.
1860 2922 1902 2953 23
1930 2922 2014 2953 nulli

360 2979 434 3019 alii}
464 2984 481 3012 ᾗ
512 2982 594 3012 nulli
624 2982 647 3012 ,4
751 2983 793 3011 33
822 2978 1158 3020 demonstrandum]
1186 2980 1230 3011 dc
1258 2980 1423 3012 mondum
1452 2981 1476 3012 A

501 3051 509 3072 ¹
541 3052 699 3086 Boeth„
724 3062 754 3092 p,
772 3052 837 3083 293
853 3051 889 3083 ¹7¹.
931 3053 981 3083 Cf,
1004 3052 1164 3088 Abael„
1191 3051 1309 3082 leol.
1334 3051 1387 3083 ed.
1405 3051 1536 3083 Cousin
1561 3051 1585 3082 Il
1609 3051 1831 3088 34lPL178,
1850 3051 1937 3083 1010
1954 3050 2014 3089 Β);

364 3110 482 3141 Thau.
511 3110 635 3141 chris-l.
665 3110 689 3141 ΙΙ
718 3110 784 3141 376
813 3105 883 3149 (Pl,
913 3109 1163 3146 178,1141(’).
1286 3109 1300 3129 '-'
1328 3109 1377 3139 (Ὺ.
1406 3117 1525 3148 supra
1555 3118 1587 3148 Ι).
1617 3108 1710 3140 77³⁴.

2051 929 2081 952 lo

2050 1245 2081 1270 15

2044 1569 2078 1596 20

2043 1895 2078 1921 25

2041 2224 2076 2249 30

2039 2540 2073 2565 35
