2200 3387
785 205 812 235 t.
842 202 906 235 Dio
933 204 1088 235 (ilos-son
1118 213 1160 236 zu
1190 204 1424 244 Porphyrius.
1898 205 1932 239 11

263 299 422 336 scilicet
456 300 692 337 universale
723 300 777 336 ita
810 310 1029 337 commune
1058 300 1324 336 Boetliius¹
1355 301 1461 338 dicit.
1498 304 1538 338 ut
1575 303 1720 340 eodem
1751 305 1938 348 tempore

264 365 369 401 idem
401 368 528 402 totum
557 366 609 402 sit
638 366 675 401 in
699 366 888 405 diversis.
917 376 1089 411 quorum
1113 367 1389 402 substantiam
1414 368 1683 404 materialiter
1704 369 1938 406 constituat.

263 433 304 466 et
332 440 423 467 cuin
453 430 490 467 in
520 441 566 467 se
595 431 647 467 sit
681 431 930 471 universale.
969 431 1076 467 idem
1115 441 1189 476 per
1221 432 1497 468 advenientes
1534 434 1690 469 formas
1727 434 1938 479 singulare

263 496 326 535 sit.
360 496 450 532 sine
479 497 627 541 quibus
661 496 906 533 naturaliter
942 496 980 532 in
1015 506 1062 532 se
1095 497 1285 532 subsistit
1324 499 1364 533 et
1403 498 1563 542 absque
1604 499 1665 534 eis
1704 500 1938 536 nullatenus

228 575 242 598 ε»
264 562 482 598 actualiter
509 564 737 607 permanet.
767 562 1003 598 universale
1032 562 1198 607 quidem
1227 563 1266 598 in
1295 565 1454 601 natura.
1482 563 1693 609 singulare
1718 574 1817 600 vero
1845 568 1938 601 actu

213 899 244 923 10

213 1224 244 1249 15

210 1550 245 1576 21)

212 2209 248 2234 30

263 629 304 662 et
338 626 628 672 incorporeum
661 627 826 672 quidem
867 629 907 663 et
948 627 1190 663 insensibile
1233 627 1271 663 in
1311 627 1573 672 simplicitate
1614 629 1940 666 universalitatis

263 700 366 727 suae
395 690 644 737 intelligitur.
681 700 929 735 corporeum
958 701 1059 726 vero
1087 693 1212 736 atque
1241 691 1439 728 sensibile
1469 692 1577 728 idem
1606 702 1680 737 per
1707 693 1940 730 accidentia

265 756 302 792 in
332 758 424 792 actu
454 756 641 792 subsistit
669 757 709 792 et
737 756 885 792 eadem
914 758 1021 792 teste
1048 756 1286 793 Boethi02
1313 758 1354 793 et
1381 756 1612 794 subsistunt
1639 757 1868 803 singularia
1901 761 1942 795 et

265 821 547 867 intelliguntur
574 821 840 857 universalia.

404 886 451 922 Et
473 887 577 923 haec
598 888 661 923 est
682 896 776 923 una
798 887 849 923 de
869 887 1059 923 duabus
1080 888 1312 924 sententiIS.
1359 888 1431 924 Cui
1453 888 1531 924 etsi
1553 889 1825 926 auctoritates
1846 900 1941 926 con-

263 952 419 988 sentire
442 952 658 997 plurimum
681 952 911 994 videantur.
940 953 1115 998 physica
1135 953 1269 989 modis
1291 954 1483 990 omnibus
1506 956 1721 1000 repugnat.
1768 955 1809 991 Si
1832 956 1939 992 enim

262 1017 370 1054 idem
393 1017 686 1058 essentialiter,
708 1018 803 1054 licet
825 1018 1003 1054 diversis
1025 1019 1168 1055 formis
1191 1020 1450 1065 occupatum.
1472 1021 1673 1056 consistat
1695 1020 1733 1056 in
1756 1020 1941 1067 singulis,

263 1084 428 1128 oportet
455 1083 562 1119 hanc
589 1092 698 1129 quae
728 1083 789 1119 his
816 1084 960 1120 formis
995 1084 1149 1121 affecta
1181 1086 1256 1123 est.
1292 1085 1401 1121 illam
1436 1095 1532 1121 esse
1561 1096 1669 1131 quae
1708 1086 1785 1122 illis
1823 1096 1943 1123 occu-

264 1149 372 1194 pata,
401 1150 444 1184 ut
470 1148 625 1184 animal
651 1148 872 1185 formatum
910 1150 1191 1186 rationalitate
1221 1159 1317 1186 esse
1345 1150 1498 1186 animal
1533 1151 1754 1187 formatum
1783 1151 1942 1189 irratio-

264 1213 435 1250 nalitate
454 1215 495 1250 et
522 1214 579 1250 ita
606 1214 757 1251 animal
787 1215 990 1251 rationale
1013 1225 1109 1252 esse
1132 1215 1284 1252 animal
1311 1216 1552 1252 irrationale
1581 1218 1623 1253 et
1650 1217 1710 1253 sic
1731 1217 1769 1253 in
1793 1218 1941 1253 eodem

264 1279 475 1316 contraria
502 1279 622 1316 simul
650 1280 895 1321 consistere,
923 1281 1047 1317 immo
1071 1281 1152 1317 iam
1175 1282 1285 1317 nullo
1315 1282 1436 1318 modo
1459 1281 1681 1323 contraria,
1710 1282 1777 1318 ubi
1805 1282 1941 1319 eidem

265 1344 428 1390 penitus
457 1345 669 1381 essentiae
697 1345 817 1382 simul
838 1346 1008 1386 coirent.
1030 1346 1140 1383 sicut
1167 1356 1244 1383 nec
1266 1347 1415 1383 albedo
1438 1357 1516 1383 nec
1538 1347 1710 1394 nigredo
1733 1348 1944 1384 contraria

265 1412 419 1451 essent,
447 1410 481 1446 si
508 1410 627 1447 simul
656 1411 696 1447 in
724 1411 802 1448 hac
829 1421 874 1448 re
902 1412 1205 1458 contingerent.
1234 1412 1398 1449 etiamsi
1426 1413 1518 1458 ipsa
1545 1422 1612 1450 res
1641 1413 1807 1449 aliunde
1836 1414 1941 1453 alba,

264 1475 430 1512 aliunde
459 1475 577 1522 nigra
604 1478 729 1516 esset.
758 1476 864 1513 sicut
891 1477 1057 1514 aliunde
1085 1478 1190 1515 alba.
1224 1478 1392 1514 aliunde
1421 1478 1523 1514 dura
1557 1480 1632 1520 est,
1667 1488 1720 1515 ex
1748 1479 1942 1515 albedine

266 1541 424 1578 scilicet
453 1543 494 1578 et
525 1542 685 1578 duritia.
728 1543 871 1588 Neque
904 1543 1014 1580 enim
1045 1544 1256 1580 contraria
1278 1544 1445 1580 diversa
1470 1544 1595 1580 etiam
1620 1544 1780 1581 ratione
1807 1545 1942 1581 eidem

266 1606 385 1643 simul
413 1606 554 1644 inesse
582 1610 768 1653 possunt,
796 1609 902 1645 sicut
935 1609 1112 1646 relativa
1151 1611 1192 1645 et
1225 1609 1424 1655 pleraque
1462 1609 1553 1646 alia.
1605 1609 1724 1646 Unde
1752 1609 1945 1646 Aristo-

266 1672 418 1709 teles-'⁵
443 1672 484 1708 in
513 1672 586 1713 ‚Ad
613 1669 776 1716 aliquid*
806 1680 1000 1716 magnum
1029 1671 1070 1706 et
1096 1680 1271 1715 parvum
1308 1680 1416 1715 quae
1451 1670 1631 1706 ostendit
1666 1669 1845 1706 diversis
1882 1679 1943 1706 re-

266 1738 478 1784 spectibus
507 1738 627 1774 simul
661 1737 796 1773 eidem
833 1735 986 1774 inesse.
1020 1745 1095 1781 per
1130 1736 1209 1772 hoc
1245 1736 1385 1772 tamen
1419 1735 1528 1781 quod
1565 1735 1685 1772 simul
1723 1735 1858 1772 eidem
1887 1734 1944 1771 in-

266 1805 371 1844 sunt.
399 1803 611 1840 contraria
637 1812 720 1839 non
749 1811 845 1839 esse
874 1801 1092 1838 convincit.

412 1868 505 1906 Sed
532 1868 774 1905 fortassis
803 1868 999 1904 dicetur
1026 1867 1256 1903 secundum
1290 1866 1399 1903 illam
1434 1866 1696 1907 sententiam,
1729 1866 1826 1911 quia
1861 1876 1944 1902 non

265 1935 361 1971 inde
390 1934 648 1971 rationalitas
676 1935 717 1970 et
745 1932 1040 1969 irrationalitas
1068 1932 1203 1968 minus
1232 1934 1328 1968 sunt
1348 1932 1560 1968 contraria
1581 1932 1691 1978 quod
1719 1931 1857 1968 taliter
1883 1941 1944 1968 re-

266 2000 481 2046 periuntur
507 2000 547 2036 in
581 2000 741 2039 eodem,
776 1998 935 2035 scilicet
969 1998 1116 2034 eodem
1144 2007 1301 2044 genere
1329 1998 1396 2034 vel
1423 1997 1463 2034 in
1500 1997 1649 2034 eadem
1677 1997 1831 2043 specie.
1869 1997 1946 2033 nisi

266 2066 426 2103 scilicet
460 2066 501 2102 in
541 2065 689 2101 eodem
730 2064 941 2101 individuo
982 2063 1215 2100 fundentur.
1269 2062 1388 2104 Quod
1427 2063 1552 2099 etiam
1592 2063 1652 2099 sic
1691 2062 1945 2099 ostenditur:

268 2131 378 2168 Vere
403 2130 664 2168 rationalitas
697 2132 738 2167 et
771 2129 1067 2166 irrationalitas
1101 2129 1142 2165 in
1177 2129 1327 2166 eodem
1367 2128 1581 2165 individuo
1628 2129 1734 2169 sunt.
1779 2127 1875 2173 quia
1903 2127 1944 2164 in

268 2197 452 2234 Socrate.
505 2196 586 2233 Sed
614 2197 724 2242 quod
752 2196 792 2232 in
815 2195 988 2232 Socrate
1016 2195 1137 2231 simul
1165 2195 1258 2235 sint,
1285 2195 1383 2231 inde
1405 2194 1665 2231 convincitur
1686 2194 1796 2240 quod
1824 2193 1944 2230 simul

268 2264 365 2300 sunt
391 2263 431 2299 in
453 2262 626 2299 Socrate
654 2264 695 2299 et
715 2262 903 2298 burnello
919 2265 943 2297 ⁴.
996 2260 1078 2297 Sed
1101 2260 1296 2297 Socrates
1325 2262 1366 2298 et
1387 2260 1600 2297 burnellus
1623 2262 1718 2297 sunt
1738 2260 1944 2297 Socrates.

414 2387 456 2418 15
483 2387 520 2418 et
546 2383 614 2426 sic]
641 2385 686 2418 de
714 2385 743 2417 si
766 2385 794 2417 A
871 2385 914 2417 26
943 2382 1042 2424 inde]
1070 2383 1210 2416 idemA
1298 2384 1340 2416 28
1370 2382 1584 2416 fundeturA
1673 2384 1711 2415 31
1744 2380 1831 2422 Sed]
1859 2383 1893 2415 in
1915 2382 1943 2415 A

412 2468 422 2490 ¹
446 2469 606 2507 Boeth.,
636 2469 679 2501 1η
708 2468 845 2509 Porph.
874 2468 929 2500 ed.
958 2468 1007 2505 11..
1037 2477 1070 2508 p.
1102 2468 1165 2499 162
1181 2466 1221 2499 ²⁰.
1356 2465 1370 2488 2
1397 2466 1560 2505 Boeth„
1589 2466 1610 2499 I.
1639 2476 1678 2503 r..
1707 2475 1740 2507 p.
1773 2466 1836 2498 166
1851 2464 1891 2498 ²2.

411 2526 426 2550 ³
453 2528 613 2565 Boeth.,
643 2527 686 2560 In
714 2528 837 2567 Caeeq.
866 2526 991 2564 Arest„
1019 2527 1075 2559 PL
1102 2527 1157 2564 (54,
1185 2527 1253 2559 210
1268 2526 1304 2558 B.

416 2586 423 2608 ⁸
451 2587 504 2619 De
531 2587 599 2619 hoc
626 2587 773 2619 nomine
798 2586 987 2618 burnellus
1015 2586 1072 2618 vel
1100 2585 1287 2618 brunellus
1315 2585 1359 2618 ci.
1388 2585 1613 2623 Haureau‚
1641 2582 1812 2617 Histoire
1837 2583 1881 2615 (Ie
1908 2583 1947 2615 Ia

266 2646 513 2687 philosophie
532 2645 764 2686 scolas-tique
784 2645 807 2683 1,
828 2645 930 2678 Paris
950 2645 1050 2680 1872.
1074 2654 1105 2685 p.
1122 2644 1189 2677 380
1207 2643 1229 2676 ¹.
1276 2644 1378 2681 ,Nom
1395 2652 1530 2684 propre
1553 2643 1659 2675 d'ane
1677 2643 1770 2675 dans
1786 2642 1945 2675 Abelard

271 2706 377 2738 ...et
403 2705 496 2737 dans
523 2705 650 2737 Albert
676 2704 710 2737 le
743 2703 889 2737 Grand.⁴
943 2703 1180 2743 Raymundus
1214 2703 1440 2743 Dreiling,
1478 2702 1551 2735 Der
1584 2701 1947 2742 Konzcwlmilismus

272 2764 309 2796 ιἰι
343 2763 410 2796 der
438 2763 806 2796 Universalienlelzre
838 2763 903 2795 des
933 2762 1387 2795 Franzislcanerbischors
1414 2761 1546 2793 Petrus
1580 2760 1747 2796 Aureoli.
1782 2759 1947 2792 Mtinster

274 2824 362 2855 1913
383 2820 576 2864 (Beitriiye
593 2832 662 2855 zur
683 2823 810 2855 Gesch.
833 2823 900 2855 der
921 2822 1060 2855 Philas.
1082 2822 1147 2854 (les
1160 2821 1400 2854 Miltelallers
1414 2829 1485 2853 von
1507 2820 1557 2852 (Ἰ.
1575 2819 1789 2857 Baeumker,
1813 2819 1874 2851 Bd.
1890 2819 1945 2857 xl,

272 2882 311 2915 H.
333 2882 381 2920 6.)
408 2881 442 2915 S.
470 2883 525 2914 99.
578 2882 637 2914 Du
664 2882 835 2924 Gange,
864 2882 985 2915 Gloss.
1013 2892 1041 2914 s.
1064 2891 1097 2914 v.
1125 2881 1294 2914 Buricus:
1335 2880 1422 2917 ‚Mss
1450 2888 1615 2917 mannus,
1649 2887 1767 2919 equus
1800 2878 1948 2911 brevior

275 2950 382 2982 quem
411 2941 522 2983 vulgo
550 2941 741 2974 Brunicum
770 2941 933 2979 vocant;·
962 2951 991 2973 s.
1020 2950 1052 2973 v.
1080 2940 1275 2973 Brunicus:
1317 2939 1409 2977 ,1sid.
1432 2939 1452 2971 1.
1478 2939 1530 2977 12,
1558 2938 1656 2979 Orig.
1679 2947 1708 2970 c.
1734 2939 1761 2970 1.
1791 2937 1947 2970 Mannus

273 3009 364 3033 vero
384 3009 502 3041 equus
523 3000 672 3033 brevior
692 3002 748 3032 est
770 3009 878 3041 quem
899 3000 1009 3041 vulgo
1036 3000 1223 3032 Brunitum
1245 2999 1302 3030 vel
1331 2998 1541 3030 Brunitiuni.
1587 2997 1734 3030 Rectius
1756 2997 1790 3029 in
1813 2997 1948 3038 glossis

273 3059 434 3099 antiquis
456 3058 530 3091 Mss
552 3057 767 3090 Brunicumf
819 3058 1045 3097 Godelroy
1072 3067 1100 3091 s.
1129 3067 1161 3090 v.
1190 3057 1329 3094 brunel,
1357 3056 1458 3089 brun.
1487 3057 1626 3094 ‚toreau
1659 3058 1746 3088 veut
1777 3055 1949 3088 labourer

273 3118 308 3151 la
335 3120 442 3156 terre,
472 3118 639 3150 Bruneau
667 3117 701 3150 la
727 3118 818 3150 selle
845 3119 932 3150 veut
959 3116 1106 3158 porter‘.
