2200 3387
205 906 236 930 11)

201 1554 235 1577 :ln

202 2212 236 2235 30

779 209 806 242 1.
837 210 899 241 ilie
928 211 1084 242 (ilossen
1113 219 1155 242 zu
1186 210 1418 250 Porphyrius.
1893 212 1933 243 13

402 306 622 351 Amplius
651 306 858 350 quomodo
881 326 886 333 «
907 306 1055 345 multa>
1078 316 1249 342 numero
1278 308 1592 343 consideremus
1616 308 1653 343 in
1677 308 1933 348 substantiis,

257 371 291 406 si
319 372 409 407 sola
437 371 660 407 formarum
691 371 913 407 diversitas
942 374 1057 406 esset
1091 372 1236 407 eadem
1279 373 1442 416 penitus
1479 373 1666 409 subiecta
1700 374 1934 409 substantia

258 436 559 482 permanente?
600 437 741 482 Neque
781 437 889 473 enim
929 438 1142 473 Socratem
1183 437 1309 473 multa
1344 448 1514 474 numero
1555 439 1727 474 dicimus
1767 442 1935 484 propter

259 502 474 538 multarum
503 503 727 538 formarum
756 503 1075 547 susceptionem.

401 567 497 603 Illud
527 577 692 613 quoque
721 570 834 603 stare
864 578 944 603 non
975 570 1114 613 potest
1143 568 1251 613 quod
1281 569 1493 605 individua
1517 580 1591 614 per
1619 570 1800 616 ipsorum
1830 572 1934 607 acci-

257 632 398 668 dentia
435 633 545 668 effici
583 633 735 669 volunt.
794 633 835 668 Si
873 633 981 668 enim
1019 643 1071 668 ex
1110 634 1394 670 accidentibus
1432 635 1644 672 individua
1684 646 1778 672 esse
1815 647 1932 673 suum

256 697 519 736 contrahunt.
566 698 753 743 profecto
792 698 931 743 priora
967 700 1061 734 sunt
1098 699 1157 734 eis
1194 699 1439 735 naturaliter
1479 700 1715 737 accidentia
1751 702 1856 737 sicut
1894 704 1934 738 et

257 762 518 799 differentiae
565 764 786 808 speciebus
831 773 934 808 quas
970 764 1022 800 ad
1064 773 1159 800 esse
1199 765 1447 800 conducunt.
1518 765 1618 801 Nam
1662 767 1768 802 sicut
1811 767 1932 802 bomo

257 837 309 862 ex
346 828 595 865 formatione
633 829 894 864 differentiae
932 829 1065 869 distat,
1112 829 1169 865 ita
1205 829 1419 866 Socratem
1464 840 1516 866 ex
1560 831 1834 868 accidentium
1870 842 1934 868 su-

256 893 472 937 sceptione
500 894 723 938 appellant.
776 893 894 930 Unde
929 904 1006 930 nec
1041 894 1236 930 Socrates
1263 897 1431 940 praeter
1458 896 1691 932 accidentia
1718 897 1824 933 sicut
1857 907 1934 933 nec

257 958 379 994 homo
417 961 585 1003 praeter
621 959 881 995 differentias
921 969 1017 995 esse
1055 962 1204 1005 potest.
1264 960 1402 1001 Quare
1442 971 1585 997 eorum
1620 962 1932 999 fundamentum

256 1033 337 1060 non
366 1026 429 1060 est
455 1024 559 1060 sicut
586 1034 663 1060 nec
701 1025 822 1061 bomo
860 1025 1200 1061 differentiarum.
1253 1026 1294 1062 Si
1332 1028 1470 1063 autem
1509 1028 1546 1063 in
1585 1027 1806 1064 individuis
1843 1028 1934 1064 sub-

255 1089 420 1125 stantiis
449 1092 490 1125 ut
519 1090 558 1125 in
587 1090 784 1126 subiectis
813 1091 1047 1127 accidentia
1074 1101 1156 1127 non
1185 1094 1291 1131 sunt.
1325 1092 1512 1137 profecto
1540 1102 1617 1129 nec
1647 1093 1684 1129 in
1721 1093 1933 1129 universa-

255 1154 372 1190 libus.
425 1154 723 1200 Quaecumque
752 1155 860 1190 enim
890 1155 929 1190 in
957 1155 1153 1191 secundis
1182 1156 1426 1192 substantiis
1450 1160 1492 1192 ut
1527 1156 1567 1192 in
1601 1157 1800 1193 subiectis
1827 1160 1932 1197 sunt.

219 1232 236 1255 ,π
256 1220 403 1256 eadem
433 1220 471 1256 in
501 1220 643 1265 primis
672 1222 714 1256 ut
742 1221 780 1256 in
809 1221 1008 1256 subiectis
1037 1230 1134 1257 esse
1162 1221 1455 1258 universaliter
1482 1224 1696 1258 monstrat.
1748 1222 1833 1258 Ex¹
1871 1223 1932 1259 bis

256 1285 396 1330 itaque
437 1286 699 1322 manifestum
738 1289 802 1322 est
839 1296 932 1322 eam
971 1287 1135 1331 penitus
1170 1287 1421 1323 sententiam
1462 1287 1624 1324 ratione
1665 1297 1811 1324 carere
1852 1297 1933 1333 qua

257 1351 405 1387 dicitur
431 1352 608 1388 eandem
639 1352 803 1396 penitus
831 1352 1059 1388 essentiam
1088 1353 1127 1388 in
1156 1353 1336 1388 diversis
1365 1353 1484 1389 simul
1513 1353 1757 1390 consistere.

399 1415 539 1452 Unde
564 1416 650 1452 alii
673 1416 825 1452 aliter
846 1416 906 1452 de
931 1417 1330 1452 universalitate
1358 1417 1646 1453 sentientes
1672 1418 1932 1463 magisque

255 1481 314 1517 ad
351 1481 657 1517 sententiam
694 1481 763 1517 rei
798 1482 1108 1518 accedentes
1147 1482 1317 1518 dicunt
1344 1492 1413 1518 res
1451 1483 1636 1528 singulas
1675 1493 1755 1519 non
1799 1484 1932 1519 solum

255 1547 398 1583 formis
425 1547 477 1583 ab
512 1547 688 1583 invicem
719 1557 815 1583 esse
843 1547 1045 1586 diversas,
1073 1557 1218 1583 verum
1248 1548 1526 1593 personaliter
1553 1549 1591 1584 in
1621 1549 1707 1584 suis
1736 1549 1932 1585 essentiis

255 1622 351 1648 esse
377 1612 581 1648 discretas
604 1622 681 1648 nec
702 1613 783 1648 ullo
807 1613 928 1648 modo
951 1613 989 1648 id
1011 1614 1121 1658 quod
1142 1613 1181 1648 in
1204 1623 1287 1649 una
1309 1616 1383 1653 est,
1412 1623 1508 1649 csse
1531 1614 1570 1649 in
1599 1614 1690 1653 alia.
1719 1615 1808 1650 sive
1836 1615 1931 1651 illud

257 1677 430 1714 materia
451 1678 503 1713 sit
530 1678 618 1713 sive
644 1678 788 1717 forma.
810 1688 887 1714 nec
915 1688 989 1714 eas
1017 1678 1160 1714 formis
1182 1688 1348 1723 quoque
1378 1679 1548 1715 remotis
1570 1679 1705 1715 minus
1729 1679 1767 1715 in
1791 1689 1933 1715 essen-

255 1742 322 1778 tiis
350 1743 436 1778 suis
471 1743 675 1780 discretas
710 1753 836 1789 posse
871 1744 1113 1785 subsistere,
1148 1744 1243 1788 quia
1277 1754 1419 1780 earum
1455 1744 1651 1781 discretio
1686 1745 1932 1790 personalis,

255 1808 483 1844 secundum
506 1818 629 1853 quam
658 1809 815 1845 scilicet
843 1809 947 1845 haec
969 1819 1050 1845 non
1080 1811 1144 1845 est
1171 1809 1249 1848 illa,
1277 1819 1359 1845 non
1388 1819 1463 1854 per
1489 1810 1645 1846 formas
1674 1810 1730 1850 fit,
1768 1810 1841 1846 sed
1871 1812 1932 1846 est

200 1886 234 1910 ·.·.-·›
255 1883 330 1919 per
365 1873 497 1919 ipsam
533 1874 744 1910 essentiae
772 1874 1069 1915 diversitatem,
1107 1875 1213 1910 sicut
1247 1876 1287 1910 et
1320 1876 1479 1911 formae
1515 1875 1631 1920 ipsae
1670 1876 1707 1911 in
1746 1884 1792 1911 se
1831 1876 1932 1921 ipsis

255 1939 449 1975 diversae
489 1942 584 1975 sunt
611 1940 800 1980 invicem,
829 1940 1011 1985 alioquin
1055 1940 1278 1976 formarum
1326 1940 1550 1976 diversitas
1599 1941 1636 1976 in
1684 1941 1930 1977 infinitatem

255 2005 513 2050 procederet.
541 2007 584 2041 ut
611 2005 716 2041 alias
750 2006 803 2041 ad
839 2006 1011 2042 aliarum
1050 2005 1337 2042 diversitatem
1375 2016 1550 2042 necesse
1590 2009 1704 2042 esset
1741 2007 1930 2052 supponi.

253 2070 394 2106 Talem
411 2070 688 2107 differentiam
704 2070 1012 2116 Porphyrius
1032 2072 1192 2107 notavit
1208 2072 1315 2108 inter
1328 2072 1687 2117 generalissimum
1712 2074 1752 2108 et
1773 2072 1932 2117 specia-

255 2135 454 2172 tissimum
484 2136 627 2172 dicens
648 2140 679 2172 2:
719 2136 916 2182 ,Amplius
945 2147 1081 2182 neque
1110 2137 1275 2182 species
1302 2137 1424 2173 fieret
1451 2147 1633 2182 unquam
1666 2138 1931 2183 generalissi-

258 2211 365 2237 mum
406 2211 543 2247 neque
583 2212 718 2248 genus
764 2202 1136 2247 specialissimum,
1177 2213 1226 2239 ac
1263 2203 1297 2239 si
1339 2203 1516 2239 diceret:
1550 2204 1655 2239 baec
1689 2205 1753 2239 est
1787 2212 1929 2238 earum

256 2266 504 2306 differentia.
532 2268 642 2312 quod
671 2267 791 2303 buius
826 2278 906 2303 non
937 2270 1001 2304 est
1038 2268 1145 2304 illius
1183 2269 1380 2304 essentia.
1439 2267 1506 2304 Sic
1543 2271 1583 2304 et
1620 2268 1931 2313 praedicamen-

256 2334 389 2368 torum
413 2332 610 2369 discretio
638 2333 830 2369 consistit
864 2343 945 2369 non
983 2343 1058 2378 per
1094 2333 1251 2370 formas
1280 2334 1453 2378 aliquas.
1490 2343 1598 2378 quae
1636 2343 1727 2370 eam
1766 2334 1930 2372 faciant.

256 2397 329 2434 sed
358 2407 433 2443 per
459 2398 653 2443 propriae
682 2398 1079 2435 diversificationem
1108 2399 1332 2435 essentiae.
1372 2398 1472 2435 Cum
1488 2403 1502 2423 ³¹
1529 2401 1666 2435 autem
1688 2409 1834 2435 omnes
1863 2408 1930 2434 res

256 2463 312 2499 ita
339 2463 530 2500 diversas
558 2464 610 2500 ab
640 2464 816 2500 invicem
845 2474 942 2500 esse
971 2464 1111 2503 velint.
1140 2467 1183 2500 ut
1210 2465 1320 2500 nulla
1347 2474 1490 2500 earum
1518 2474 1609 2500 cum
1638 2465 1720 2500 alia
1741 2465 1805 2500 vel
1835 2474 1930 2500 ean-

222 2538 235 2560 Γ»
257 2528 349 2565 dem
372 2529 654 2565 essentialiter
676 2530 890 2566 materiam
914 2530 978 2565 vel
1002 2530 1177 2566 eandem
1202 2530 1484 2566 essentialiter
1504 2530 1677 2566 formam
1701 2529 1929 2575 participet.

402 2666 413 2696 1
447 2665 558 2697 multa
584 2665 728 2702 addidi.
757 2666 800 2697 es.
829 2674 859 2697 v.
888 2666 979 2697 3--1
1103 2666 1122 2697 9
1153 2667 1242 2706 post
1274 2665 1385 2697 distat
1419 2666 1513 2697 rorte
1547 2664 1763 2697 addendum
1798 2666 1851 2696 est
1884 2664 1930 2696 ab

256 2724 403 2756 animali
433 2724 488 2756 vel
515 2724 714 2764 leyemlum
747 2727 893 2757 constat
1018 2726 1058 2757 15
1087 2723 1277 2764 subiectis}
1311 2725 1482 2757 secundis
1498 2725 1523 2756 A
1645 2725 1685 2756 17
1714 2721 1928 2762 essentiam!

256 2783 445 2816 scientiam
467 2784 493 2815 A
524 2784 767 2817 substantiam
790 2785 915 2817 Hosne.
987 2785 1029 2816 23
1054 2785 1139 2824 quia
1166 2793 1290 2817 earum
1313 2784 1341 2816 Α
1372 2793 1486 2824 quare
1510 2784 1634 2816 Rosm.
1706 2784 1747 2816 24
1769 2792 1877 2823 quam
1899 2783 1927 2815 A

258 2843 353 2882 quod
378 2843 502 2875 Rosm.
559 2843 652 2876 haec
675 2844 700 2876 A
730 2853 789 2876 res
813 2844 938 2876 Ros-m.
1063 2845 1105 2876 :32
1135 2845 1244 2876 faciat
1265 2844 1292 2876 A
1419 2845 1472 2881 34,
1496 2845 1538 2875 :³5
1568 2844 1625 2875 vel
1647 2843 1673 2876 A
1705 2845 1777 2875 tum
1803 2843 1927 2875 Hosne.

401 2929 411 2951 ¹
442 2932 547 2970 Quae
579 2933 793 2971 sequnntur
827 2941 945 2972 usque
977 2932 1030 2964 ml
1070 2934 1170 2964 esset
1203 2932 1361 2972 supponi
1390 2932 1437 2969 (ν.
1467 2932 1526 2967 27)
1564 2932 1639 2963 iam
1673 2931 1790 2963 edidi!
1822 2931 1928 2963 Ros-

257 2989 378 3026 mini,
407 2989 428 3021 Ι.
457 2998 484 3022 r.
629 2989 644 3011 2
671 2990 832 3027 Boeth..
861 2991 903 3023 In
934 2990 1070 3031 Por-ph.
1099 2991 1154 3023 ed.
1183 2990 1232 3027 ll..
1261 2999 1294 3030 p.
1324 2991 1390 3022 2115
1405 2989 1429 3022 ⁶.

398 3048 412 3068 ³
441 3050 547 3087 Quae
572 3050 786 3089 sequnntur
807 3058 926 3090 usque
952 3049 1004 3081 ad
1029 3050 1133 3081 simil.
1155 3058 1307 3081 conven.
1329 3048 1379 3089 (p.
1399 3051 1438 3081 14
1461 3058 1494 3081 v.
1511 3048 1545 3086 6)
1574 3049 1651 3080 inm
1679 3048 1794 3081 edidi!
1822 3049 1927 3081 Ros-

257 3108 376 3146 mini,
411 3107 432 3140 I.
461 3117 500 3145 r..
529 3117 561 3149 p.
590 3108 643 3140 27.
673 3108 727 3141 28.
