2200 3387
168 2270 173 2275 .
204 2245 271 2276 21r

303 262 369 297 1⁴ss
714 266 819 299 Peter
845 267 1048 299 Abaelards
1075 267 1209 308 Logica
1237 265 1559 308 ,lugi-edientibus‘.

301 362 486 397 subiecto
515 362 704 398 dicuntur
730 362 819 399 sive
853 363 913 398 bis
941 373 1047 408 quae
1074 364 1115 399 in
1143 364 1328 400 subiecto
1361 366 1464 400 sunt.
1493 364 1535 400 In
1560 365 1745 401 subiecto
1773 366 1876 406 sunt,
1906 365 1963 401 in-

301 436 434 471 quam,
456 427 545 463 sive
561 437 634 472 per
650 428 1029 472 praedicatione
1042 439 1079 464 m
1101 430 1258 465 tantum
1275 429 1364 465 sive
1379 439 1454 474 per
1467 429 1818 466 fundationem.
1846 430 1964 467 Unde

301 492 422 527 rebus
450 492 670 536 primarum
693 493 1015 529 substantiarum
1038 494 1262 538 peremptis
1284 503 1352 529 res
1374 504 1538 539 quoque
1560 495 1733 530 aliorum
1754 495 1964 531 nominum

301 565 476 592 necesse
499 559 613 593 esset
635 558 801 593 destrui.
837 558 955 598 Quod
976 560 1113 594 autem
1134 559 1191 594 ait
1213 559 1362 594 ,omnia
1384 559 1487 600 alia‘,
1509 559 1561 594 ad
1583 560 1787 595 vocabula
1807 561 1964 595 tantum

301 621 367 657 illa
394 622 563 666 respicit
590 632 696 667 quae
724 623 885 668 accepit
911 633 986 668 per
1024 623 1112 660 ,dici
1141 624 1191 659 de
1229 624 1414 659 subiecto
1442 625 1507 659 vel
1544 632 1638 659 esse
1674 624 1714 660 in
1752 624 1963 666 subiecto‘,

301 689 341 722 et
368 687 463 722 tria
489 697 636 723 vocum
665 697 821 733 genera
849 688 913 723 hic
940 688 1160 733 distinguit,
1196 689 1349 733 primas
1377 688 1533 724 scilicet
1560 688 1814 725 substantias
1849 691 1889 724 et
1915 699 1966 726 ea

300 761 407 796 quae
436 752 486 788 de
514 753 699 788 subiecto
728 753 917 788 dicuntur
943 753 1008 788 vel
1037 762 1087 789 ea
1114 762 1221 797 quae
1248 753 1289 788 in
1324 753 1510 789 subiecto
1545 755 1650 795 sunt,
1687 762 1712 789 a
1747 754 1894 798 quibus
1931 754 1965 790 si

301 819 598 861 separarentur
629 817 787 862 primae
822 818 1091 855 substantiae.
1126 819 1343 853 remanent
1378 819 1535 853 tantum
1564 827 1614 853 ea
1642 827 1748 862 quae
1777 818 1966 854 dicuntur

300 882 350 917 de
379 882 565 918 subiecto
594 883 658 918 vel
687 892 793 927 quae
821 883 917 918 sunt
944 882 983 917 in
1011 882 1207 918 subiecto.
1230 883 1378 926 quibus
1400 882 1560 918 duobus
1582 892 1671 918 cum
1694 882 1851 927 primae
1873 883 1966 918 sub-

301 947 477 982 stantiae
505 949 788 991 supponantur
815 947 880 982 vel
911 947 1136 982 secundum
1171 947 1526 991 praedicationem
1555 947 1870 983 substantialem
1897 947 1964 983 vel

300 1012 526 1047 secundum
567 1011 882 1047 sustentationis
923 1011 1234 1049 subiectionem,
1274 1013 1437 1047 constat
1474 1012 1598 1047 rebus
1633 1012 1855 1056 primarum
1897 1012 1964 1048 de-

300 1076 465 1111 structis
488 1076 645 1111 destrui
666 1085 733 1111 res
755 1078 987 1111 ceterorum
1015 1076 1236 1112 nominum.
1288 1076 1335 1112 Et
1362 1078 1494 1117 nota,
1523 1077 1631 1121 quod
1658 1077 1754 1112 illud
1776 1077 1885 1121 quod
1912 1077 1963 1112 de

299 1139 440 1183 primis
469 1139 711 1175 substantiis
734 1140 777 1174 ut
798 1140 848 1175 de
871 1140 1067 1175 subiectis
1085 1140 1408 1184 <praedicatum
1436 1149 1518 1175 non
1541 1141 1672 1175 solum
1695 1142 1759 1175 est
1779 1140 1964 1176 secunda

300 1204 544 1240 substantia.
572 1213 715 1239 verum
744 1204 866 1239 etiam
895 1204 1141 1244 differentia,
1178 1204 1273 1240 licet
1299 1205 1539 1240 Boethius
1574 1204 1614 1240 in
1651 1204 1962 1240 Commentol

299 1277 373 1312 per
413 1268 609 1304 ,secunda
646 1267 888 1303 substantia‘
927 1267 1033 1303 idem
1074 1268 1266 1303 videatur
1301 1268 1491 1313 accipere
1528 1268 1635 1312 quod
1672 1277 1747 1312 per
1783 1267 1875 1308 ‚dici
1910 1268 1961 1303 de

299 1333 440 1378 primis
487 1332 728 1368 substantiis
774 1334 818 1368 ut
862 1332 912 1368 de
959 1333 1179 1369 subiectis‘.
1250 1332 1335 1368 Nec
1371 1334 1435 1368 est
1469 1332 1768 1368 inconveniens
1803 1332 1837 1368 si
1872 1332 1963 1378 ipse

299 1398 405 1433 hanc
444 1406 590 1433 vocem
638 1397 832 1433 ,secunda
864 1397 1107 1432 substantia‘
1142 1397 1296 1442 largius
1333 1397 1582 1441 quandoque
1624 1396 1800 1441 accipiat
1841 1405 1962 1441 quam

299 1461 619 1497 Aristoteles.

442 1525 508 1561 Sic
535 1525 659 1569 iunge
681 1526 721 1559 et
747 1524 857 1570 lege:
884 1524 972 1560 Hae
993 1525 1233 1569 praedictae
1260 1524 1538 1569 proprietates
1566 1526 1661 1560 sunt
1687 1524 1962 1560 secundarum

299 1590 633 1630 substantiarum,
671 1590 745 1625 sed
772 1589 877 1625 istae
906 1591 1001 1625 sunt
1028 1590 1261 1634 primarum,
1299 1589 1408 1634 quod
1444 1589 1639 1625 videlicet
1674 1588 1832 1634 primae
1869 1589 1961 1625 sub—

302 1655 481 1690 stantiae
510 1654 660 1690 ceteris
689 1654 879 1690 omnibus
907 1656 990 1690 tam
1017 1654 1209 1690 videlicet
1235 1654 1298 1690 his
1327 1663 1433 1698 quae
1462 1654 1652 1689 dicuntur
1686 1654 1736 1689 de
1773 1653 1960 1689 subiecto

300 1729 419 1764 quam
460 1719 523 1755 his
552 1728 658 1764 quae
694 1720 790 1754 sunt
825 1719 865 1754 in
903 1719 1103 1757 subiecto,
1139 1719 1276 1763 aliquo
1304 1718 1427 1754 modo
1464 1719 1760 1763 supponuntur.
1809 1717 1858 1753 Et
1882 1718 1962 1753 hoc

298 1786 375 1819 est:
410 1784 549 1819 omnia
581 1783 663 1819 alia
689 1793 714 1819 a
739 1783 880 1828 primis
916 1783 1158 1819 substantiis
1186 1784 1400 1824 vocabula,
1438 1792 1543 1828 quae
1578 1783 1736 1819 scilicet
1770 1782 1962 1827 superius

298 1850 471 1893 accepta
508 1850 612 1888 sunt,
649 1849 719 1884 aut
755 1848 805 1884 de
842 1848 1039 1884 subiectis
1068 1850 1142 1884 etc.
1195 1849 1282 1883 Hoc
1317 1850 1461 1883 autem
1500 1848 1777 1883 v‘zanifestum
1813 1849 1871 1883 est
1907 1857 1961 1883 ex

299 1913 500 1958 exemplis
522 1913 694 1958 singulis
717 1912 908 1957 superius
930 1913 1142 1958 appositis.
1187 1913 1232 1948 Ut
1259 1913 1438 1948 animal.
1477 1912 1719 1957 Exemplum
1741 1913 1804 1948 est
1825 1912 1875 1948 de
1896 1912 1959 1948 his

299 1988 405 2023 quae
433 1978 622 2014 dicuntur
649 1978 699 2014 de
727 1978 869 2022 primis
896 1978 1138 2013 substantiis
1166 1980 1209 2013 ut
1235 1978 1286 2014 de
1314 1977 1523 2018 subiectis,
1557 1978 1600 2012 ut
1626 1977 1778 2013 animal
1811 1977 1861 2013 de
1882 1977 1961 2012 hoc

297 2043 464 2079 homine
479 2047 499 2084 <
504 2043 694 2084 nomine>
711 2052 759 2078 ac
778 2052 882 2078 voce
904 2043 943 2078 in
961 2042 1194 2078 substantia
1214 2042 1489 2087 praedicatur.
1526 2042 1656 2087 Magis
1671 2043 1808 2077 autem
1827 2051 1960 2086 genus

297 2117 455 2153 ponere
482 2107 612 2143 voluit
639 2117 760 2152 quam
789 2107 983 2152 speciem.
1011 2107 1108 2152 quia
1134 2107 1268 2143 minus
1294 2116 1427 2152 genus
1464 2107 1515 2142 de
1551 2106 1764 2142 individuo
1798 2105 1960 2151 praedi-

297 2173 382 2209 cari
409 2172 572 2208 videtur
600 2181 721 2216 quam
748 2172 924 2216 species.
953 2181 1059 2216 quae
1081 2173 1145 2207 est
1172 2172 1372 2216 proxima,
1393 2171 1571 2216 ideoque
1591 2171 1799 2206 mediante
1819 2171 1959 2215 specie

296 2237 648 2282 praedicationem
678 2237 844 2282 generis
867 2238 870 2280 Ι
894 2237 1106 2272 individuo
1134 2237 1313 2281 adaptat,
1342 2236 1485 2272 dicens
1513 2235 1671 2272 scilicet
1691 2235 1853 2277 animal,
1880 2236 1960 2271 hoc

297 2312 459 2341 nomen.
488 2302 766 2346 praedicabile
794 2311 890 2337 esse
919 2302 969 2337 de
996 2302 1075 2337 hoc
1101 2301 1268 2337 nomine
1297 2301 1405 2345 quod
1433 2302 1497 2337 est
1523 2301 1658 2336 homo.
1710 2300 1820 2344 Eryo
1847 2302 1883 2336 et
1910 2301 1960 2336 de

296 2367 445 2411 aliquo
473 2366 657 2408 homme,
683 2365 723 2400 id
751 2367 814 2400 est
842 2366 892 2401 de
919 2365 1155 2410 particulari
1190 2365 1357 2401 nomine
1385 2364 1568 2400 alicuius.
1619 2363 1751 2399 Locus
1778 2373 1803 2400 a
1828 2365 1957 2408 parte.

297 2432 414 2472 Quod
443 2431 551 2467 enim
580 2431 630 2466 de
657 2431 868 2466 individuo
895 2430 935 2466 in
964 2430 1196 2466 substantia
1224 2430 1496 2475 praedicatur.
1528 2429 1637 2465 aliud
1658 2431 1723 2465 est
1748 2429 1830 2464 tale
1849 2428 1957 2473 quod

297 2496 346 2532 de
376 2496 516 2541 specie
544 2495 807 2540 praedicatur
833 2495 873 2531 in
901 2495 1143 2535 substantia,
1184 2495 1292 2530 aliud
1321 2496 1386 2530 est
1421 2494 1513 2539 ipsa
1548 2494 1723 2539 species.
1774 2493 1884 2529 Nam
1909 2493 1957 2529 si.

297 2561 522 2596 Confirmat
549 2560 951 2605 argumentationem
979 2569 1101 2604 quam
1134 2559 1242 2600 fecit,
1276 2560 1383 2595 hanc
1419 2559 1527 2603 quod
1565 2559 1661 2603 quia
1695 2558 1959 2603 praedicatur

296 2625 347 2660 de
375 2624 540 2660 homine
567 2624 607 2659 in
635 2624 876 2665 substantia,
905 2624 1168 2668 praedicatur
1195 2624 1245 2660 de
1284 2623 1422 2667 aliquo
1457 2623 1545 2658 eius
1581 2622 1803 2663 individuo,
1839 2631 1888 2658 ac
1923 2621 1958 2657 si

295 2689 351 2725 ita
378 2689 551 2724 diceret:
579 2689 675 2733 quia
702 2698 823 2724 omne
851 2689 959 2733 quod
986 2689 1251 2733 praedicatur
1277 2688 1328 2724 de
1354 2687 1532 2729 homine,
1560 2689 1600 2723 et
1627 2688 1677 2723 de
1705 2687 1841 2731 aliquo
1870 2686 1958 2722 eius

295 2754 518 2789 individuo.
570 2754 602 2789 A
631 2763 769 2789 causa.
821 2753 918 2789 Cum
948 2756 1085 2789 autem
1107 2754 1214 2789 hanc
1240 2752 1569 2798 propositionem
1589 2751 1762 2788 deberet
1787 2760 1956 2796 ponere,

294 2819 408 2863 ponit
435 2819 523 2854 eius
545 2828 792 2854 conversam
814 2827 889 2863 per
915 2818 1320 2863 contrapositionem,
1348 2818 1454 2853 hanc
1482 2817 1654 2853 scilicet:
1683 2816 1878 2861 quidquid
1905 2816 1956 2852 de

295 2884 404 2919 nullo
430 2883 641 2918 individuo
669 2883 846 2919 hominis
874 2883 1146 2928 praedicatur,
1173 2892 1255 2918 non
1283 2882 1546 2927 praedicatur
1566 2881 1616 2917 de
1644 2881 1820 2921 homine,
1848 2889 1955 2925 quae

295 2947 389 2983 licet
403 2950 581 2992 ponatur
601 2948 868 2992 hypothetica
882 2948 921 2982 in
938 2956 1053 2985 voce.
1074 2950 1213 2982 tamen
1230 2946 1468 2990 categorica
1488 2946 1527 2981 in
1551 2955 1677 2981 sensu
1691 2947 1765 2981 est.
1794 2945 1956 2980 Rursus

439 3074 478 3105 12
506 3074 687 3105 hominum
716 3073 744 3104 A
844 3074 883 3105 21
914 3074 1034 3104 tamen
1062 3073 1086 3104 Λ

435 3141 444 3162 ¹
474 3143 621 3174 Boeth.
651 3143 670 3173 l.
700 3151 738 3178 c,
767 3151 800 3181 p.
831 3142 895 3174 186
911 3142 951 3174 Α.

1984 631 2001 656 5

1986 953 2018 978 10

1983 1275 2015 1300 15

1980 1599 2014 1624 20

1979 1926 2014 1951 25

1979 2254 2014 2278 30

1978 2570 2009 2594 35

1976 2891 2010 2917 ⁴0
