2200 3387
366 278 433 311 202
770 281 876 312 Peter
902 280 1106 312 Abaelards
1135 281 1267 321 Logiea
1295 281 1618 322 ,lugi-edientibus‘.

366 384 536 419 quarum
565 376 731 419 proprie
759 376 836 411 diei
864 379 936 412 est.
970 376 1225 413 intellexisse
1260 387 1306 413 se
1334 377 1465 412 innuit
1492 380 1532 414 et
1558 377 1636 413 hoc
1663 378 1754 414 loeo
1782 378 2025 414 relationem

366 442 561 483 quantum
589 440 640 475 ad
669 441 1016 477 constructionem
1046 450 1142 476 sese
1169 442 1370 486 accipere.
1406 442 1473 486 qui
1510 442 1632 478 etiam
1670 443 1897 478 secundum
1933 452 2027 479 con-

366 504 602 539 structionis
631 505 916 541 diversitatem
956 506 1056 541 dixit
1091 507 1279 541 aliorum
1316 507 1381 541 vel
1418 507 1554 542 aliter.
1606 507 1705 542 Nam
1743 510 1940 552 quantum
1975 508 2027 543 ad

365 578 502 604 rerum
530 572 716 604 saturam
740 579 846 614 quae
875 573 935 605 est
963 571 1183 606 diversitas
1206 571 1418 606 relationis
1440 571 1546 607 inter
1567 581 1759 617 magnum
1782 573 1822 607 et
1843 581 2027 616 parvum.

365 643 472 678 quae
500 643 574 678 per
601 635 953 678 praepositionem
982 636 1225 670 referuntur.
1263 638 1303 671 et
1338 635 1445 670 inter
1478 639 1634 680 patrem
1670 638 1710 672 et
1745 637 1884 673 filium.
1918 645 2025 680 quae
2046 646 2062 670 5

366 708 440 743 per
464 698 732 743 genetivum?
788 699 833 734 [Ἰ
872 700 1025 739 ηιαῖιικ,
1060 700 1099 735 id
1136 703 1199 735 est
1241 704 1315 735 noc
1356 710 1506 736 nomen
1546 701 1700 736 maius*
1742 701 1919 737 refertur
1954 710 2029 746 per

365 763 600 799 ablativum.
653 764 807 807 Aliquo
835 764 959 798 enim.
1014 764 1121 799 Vere
1143 766 1330 800 refertur.
1351 765 1447 809 quia
1470 775 1543 809 per
1564 765 1798 801 ablativum.
1851 765 1883 801 A
1906 765 2029 810 parti-

366 827 450 862 bus
506 827 551 862 E!
579 827 774 870 duplum.
809 827 885 862 hoc
913 837 1063 862 nomen
1093 827 1260 865 scilicet.
1295 829 1452 863 ‹lu-itur
1478 829 1668 867 alterins.
1695 828 1734 864 id
1762 831 1826 864 est
1851 828 2029 864 refertur

366 901 439 936 per
466 892 716 937 genetivum.
769 891 962 926 Alienius
988 893 1114 927 enim.
1169 892 1275 928 Vere
1314 892 1501 928 refertur.
1539 893 1634 937 quia
1667 903 1742 937 per
1778 893 2028 938 genetivum.

179 931 334 1022 ..B-,3:223
363 956 394 991 A
424 959 549 1000 parte.
602 956 811 991 §imiliter
836 958 977 991 aulem
1007 958 1044 992 et
1065 957 1152 1001 [ἱη]
1179 957 1283 996 alia,
1310 967 1601 1002 quaec-nmque
1626 958 1781 993 scilic-et
1807 959 1906 993 sun-t
1926 965 2027 993 vere
2051 967 2081 992 10

366 1020 549 1056 relativa.
566 1020 665 1061 <adlx
682 1021 758 1056 hoe
782 1021 914 1065 ipsum
937 1022 1045 1065 quod
1064 1024 1168 1058 sunt.
1195 1022 1439 1057 referuntur.
1487 1022 1572 1058 Hoc
1594 1023 1688 1058 ideo
1705 1022 1811 1058 dicit.
1834 1022 1929 1067 quia
1943 1021 2029 1057 vult

365 1085 543 1121 transire
559 1085 610 1120 ad
632 1095 712 1120 non
730 1094 830 1120 vera
846 1085 1019 1121 relativa
1036 1085 1196 1121 dicens:
1226 1087 1275 1121 At
1299 1097 1405 1125 vero.
1427 1087 1505 1122 hoc
1527 1088 1607 1122 est:
1630 1096 1713 1122 non
1735 1087 1868 1122 solum
1888 1095 2029 1132 supra-

366 1150 500 1194 posita
533 1158 638 1194 quae
672 1160 771 1185 vera
805 1152 898 1185 sunt
936 1151 1121 1186 relativa.
1159 1151 1348 1186 dicuntur
1380 1152 1431 1187 ad
1469 1152 1620 1196 aliquid
1659 1151 1885 1187 secundum
1921 1152 2029 1187 hanc

366 1215 660 1251 definitionem.
688 1224 832 1250 verum
860 1215 984 1250 etiam
1013 1216 1107 1250 ista:
1143 1215 1304 1252 habitus
1334 1225 1406 1260 pro
1435 1216 1589 1252 habere
1617 1216 1933 1261 generalissimo
1959 1225 2029 1261 po-

367 1281 483 1315 nitur.
512 1280 662 1324 positio
691 1290 764 1324 pro
792 1280 883 1316 situ.
912 1283 952 1315 et
980 1281 1126 1316 dicitur
1153 1281 1316 1316 habitus
1344 1281 1535 1316 habentis
1570 1281 1630 1316 rei
1662 1281 1840 1316 habitus.
1877 1280 2027 1325 positio
2050 1292 2083 1317 ιε»

366 1345 527 1389 positae
547 1345 606 1380 rei
627 1345 787 1388 positio.
840 1345 1105 1380 Boethius¹
1133 1347 1271 1381 tamen
1301 1346 1449 1390 accipit
1470 1346 1664 1382 habitum.
1694 1355 1814 1390 quem
1837 1345 2029 1381 Aristo-

366 1409 494 1444 teles
521 1419 613 1444 cum
641 1409 920 1454 descriptione
948 1410 1074 1454 ponit.
1109 1410 1183 1445 sub
1212 1410 1342 1454 prima
1370 1410 1511 1454 specie
1540 1410 1758 1455 qualitatis.
1797 1412 1838 1445 et
1870 1412 1935 1446 est
1960 1410 2029 1446 ha-

366 1473 473 1509 bitus
501 1473 610 1518 quod
638 1473 810 1509 firmiter
831 1474 1006 1509 habetur
1026 1477 1065 1509 et
1086 1474 1137 1509 ad
1161 1474 1318 1510 liabens
1339 1474 1514 1509 firmiter
1535 1474 1722 1510 refertur.
1771 1474 1882 1509 Haec·
1901 1474 2027 1509 enim.

367 1538 473 1573 Vere
501 1541 594 1574 sunt
621 1538 804 1574 relativa.
844 1538 939 1583 quia
966 1539 1043 1574 hoc
1071 1539 1204 1583 ipsum
1234 1539 1342 1583 quod
1371 1543 1464 1574 sunt
1493 1539 1681 1574 dicuntur
1708 1539 1893 1575 aliorum.
1921 1547 2028 1583 quae

366 1602 514 1638 iterum
542 1603 593 1638 ad
622 1603 711 1647 ipsa
737 1604 972 1639 referuntur
1006 1606 1046 1639 et
1079 1613 1160 1639 non
1199 1604 1326 1640 aliter.
1365 1604 1442 1639 nisi
1478 1604 1635 1640 scilicet
1671 1613 1745 1649 per
1778 1603 2028 1649 genetivum.
2049 1614 2084 1639 20

203 1695 336 1730 Boem-
365 1668 398 1702 A
426 1670 554 1712 parte.
608 1668 788 1703 Habe‘tus
814 1669 940 1704 enim.
995 1669 1101 1704 Vere
1130 1669 1345 1713 supposita
1376 1669 1620 1704 referuntur.
1656 1669 1750 1713 quia
1785 1669 2028 1719 &babitus

181 1753 216 1786 p,
232 1743 336 1778 219(
365 1734 405 1768 et
432 1733 522 1768 alia.
575 1733 607 1767 A
636 1733 832 1777 partibus.
886 1733 949 1768 Ad
975 1733 1147 1778 aliquid
1173 1743 1272 1776 erqo
1299 1736 1408 1769 sunt.
1461 1733 1805 1778 Quandoquidem
1833 1733 1914 1769 ista
1934 1734 2029 1769 sunt

366 1798 416 1833 ad
445 1797 608 1842 aliquid.
637 1807 743 1842 quae
773 1798 849 1833 lioc
878 1798 1010 1842 ipsum
1039 1799 1147 1842 quod
1175 1802 1280 1834 sunt.
1315 1796 1487 1834 aliorum
1517 1799 1715 1834 dicuntur.
1753 1808 1852 1844 ergo
1891 1798 2030 1834 omnia
2089 1805 2105 1821 ⁶

366 1862 445 1897 alia
473 1871 579 1906 quae
608 1862 714 1897 idem
742 1863 906 1898 habent.
945 1865 1039 1898 sunt
1067 1863 1252 1898 similiter
1285 1863 1336 1899 ad
1364 1863 1527 1907 aliquid.
1580 1863 1613 1898 A
1642 1863 1774 1898 simili.
1835 1863 1900 1899 Vel
1927 1872 2028 1908 quo·

367 1927 593 1962 moslolibet
620 1927 755 1962 aliter.
807 1927 896 1962 Non
924 1928 1054 1963 solum
1084 1928 1150 1962 illa
1178 1938 1285 1972 quae
1314 1928 1548 1964 referuntur
1575 1938 1649 1972 per
1676 1928 1925 1972 genetivum.
1952 1927 2026 1964 Sed
2047 1939 2081 1964 25

366 1992 488 2027 etiam
517 1992 825 2036 quomodolibet
853 1992 981 2027 aliter.
1010 1993 1118 2037 quod
1154 1993 1277 2028 etiam
1306 1993 1428 2028 addit.
1467 1996 1508 2027 nt
1546 1993 1885 2036 exemplificaret.
1923 1992 2030 2028 sicut

366 2057 404 2092 in
433 2066 583 2102 magno
612 2061 794 2101 apparet.
831 2058 938 2101 quod
966 2058 1141 2093 refertur
1169 2067 1242 2102 per
1272 2058 1633 2101 praepositionem.
1683 2057 1732 2092 Et
1757 2059 1891 2092 nota.
1919 2057 2027 2101 quod

365 2121 442 2157 hoc
470 2131 553 2156 non
581 2124 644 2157 est
672 2122 907 2166 exemplum
936 2122 986 2157 de
1015 2122 1324 2157 constructione
1352 2122 1576 2157 relationis.
1611 2122 1762 2166 quippe
1790 2122 1867 2157 hoc
1893 2121 2028 2166 ipsum

365 2187 474 2231 quod
502 2190 576 2222 est.
611 2196 691 2221 non
721 2187 875 2222 dicitur.
914 2187 1064 2231 quippe
1102 2197 1219 2222 mons
1258 2190 1321 2223 est
1358 2187 1598 2222 subiectum.
1637 2196 1829 2232 magnum
1868 2186 2029 2231 praedi-

365 2254 490 2286 catur.
527 2252 599 2286 sed
626 2254 689 2286 est
717 2252 950 2295 exemplum
980 2252 1029 2287 de
1059 2253 1234 2295 quadam
1264 2252 1550 2297 assignatione
1577 2251 1739 2287 relativi
1766 2261 1841 2296 per
1867 2251 2028 2296 praedi·
2046 2262 2082 2285 30

366 2317 583 2352 cationum.
636 2316 840 2359 Mannum
880 2317 1004 2351 enini.
1068 2316 1337 2352 Commendat
1375 2317 1610 2361 exemplum
1648 2317 1699 2352 de
1736 2326 1897 2361 magno.
1934 2316 2030 2360 quia

367 2381 523 2416 seilicet
559 2381 775 2416 relativum
813 2385 886 2417 est.
948 2381 980 2417 A
1009 2392 1148 2417 causa.
1203 2382 1248 2417 E!
1289 2382 1440 2417 simile.
1491 2381 1731 2426 Exemplum
1772 2383 1837 2416 est
1876 2381 1926 2416 de
1964 2381 2028 2416 his

368 2455 474 2490 quae
502 2455 582 2481 non
606 2446 840 2481 referuntur
861 2446 911 2482 ad
934 2446 1054 2482 aliud.
1077 2447 1150 2482 sed
1174 2447 1223 2482 ad
1247 2456 1292 2482 se
1314 2447 1404 2491 ipsa
1426 2447 1700 2491 assignantur.
1754 2445 1869 2485 Quae
1889 2448 2028 2482 tamen

368 2520 448 2545 non
488 2510 679 2545 videntur
712 2511 786 2545 sub
822 2511 1052 2554 praemissa
1093 2511 1332 2546 delinitione
1371 2511 1532 2546 includi.
1572 2511 1612 2545 in
1653 2519 1732 2554 qua
1772 2510 1921 2546 dictum
1963 2511 2028 2546 est

368 2575 573 2610 aliorum.
626 2575 706 2610 Sed
735 2575 929 2610 aliorum·
958 2576 1208 2619 generaliter
1235 2586 1307 2620 pro
1337 2576 1587 2620 aliquorum·
1609 2575 1756 2620 posuit.
1809 2575 1856 2610 Et
1877 2575 2025 2610 omnia
2047 2582 2082 2607 35

367 2640 487 2678 talia.
514 2640 670 2675 scilicet
698 2650 805 2684 quae
834 2641 956 2675 etiam
986 2641 1037 2676 ad
1066 2650 1109 2676 se
1138 2642 1383 2676 referuntur.
1412 2641 1469 2675 ad
1495 2641 1667 2685 aliquid
1693 2640 1905 2675 (lic-untur.
1959 2640 2027 2675 Est

367 2705 520 2738 nutem.
573 2704 759 2739 Ostendit
788 2704 1033 2748 positionem
1058 2705 1417 2746 generalissimum
1439 2714 1534 2740 esse
1555 2705 1605 2739 ad
1628 2703 1791 2748 aliquid,
1819 2713 1928 2739 nunc
1953 2713 2029 2748 per

368 2769 612 2812 positionem
630 2769 822 2813 supponit
845 2769 1007 2813 species·
1031 2770 1118 2804 eius
1141 2770 1191 2804 ad
1214 2770 1365 2813 aliquid
1389 2769 1548 2805 dicens:
1579 2768 1745 2809 Positio,
1765 2768 1843 2804 hoc
1864 2777 2026 2804 nomen.

367 2834 425 2867 m!
450 2834 618 2876 aliquid
645 2837 717 2868 est.
754 2834 886 2879 gratia
923 2835 1079 2869 scilicet
1117 2834 1433 2877 significationis
1471 2834 1696 2869 secundum
1734 2833 2026 2877 opininionem,

509 2956 527 2985 ῖ
558 2953 635 2994 per}
664 2955 707 2986 ad
738 2957 762 2985 .l
842 2956 994 2995 Aliqum
1024 2956 1048 2986 ,1
1157 2958 1174 2986 §l
1206 2965 1271 2995 per
1297 2954 1455 2995 genet.¹l
1483 2956 1527 2987 ad
1556 2955 1751 2986 ablativum
1781 2954 1806 2985 A
1837 2954 1970 2993 aliquis
1997 2953 2025 2985 A

372 3016 410 3044 1⁸·
427 3014 459 3044 in
478 3013 688 3044 1111‹.l›'0etl1.
791 3016 829 3044 1:
855 3022 922 3044 non
937 3014 950 3033 “-’
973 3015 1008 3045 in
1028 3015 1051 3045 ,1
1075 3014 1231 3045 ‹leli-lum
1255 3016 1308 3045 es!
1407 3014 1448 3044 :35
1478 3011 1612 3053 posuit]
1630 3013 1770 3052 possint
1787 3013 1814 3043 A
1917 3012 1959 3043 36
1980 3011 2025 3044 ad

369 3072 504 3110 aliquid
532 3070 711 3108 dicuntur}
740 3072 875 3111 aliquid
905 3072 1070 3103 (licuntur
1095 3073 1121 3103 A
1224 3073 1328 3103 :lli-25?
1359 3071 1439 3111 listi
1461 3076 1543 3104 sunt
1570 3071 1696 3103 Boetlz.

513 3141 519 3162 ¹
552 3142 698 3172 l-loeth.
729 3142 748 3172 l.
778 3151 816 3175 [3..
848 3151 879 3181 μ.
909 3144 1028 3174 ΖΙᾺῈ.
