2200 3387
555 240 585 270 2.
616 238 679 269 biv
707 239 862 268 (ilusseu
893 246 934 268 zu
963 237 1031 267 deu
1064 237 1295 273 Κηῑυμυνίυιι.
1400 236 1448 267 l)e
1479 236 1650 267 relativis.
1875 234 1943 267 2¹3

269 335 541 371 substantiam
572 346 680 371 esse.
709 335 780 370 sid
811 335 995 369 l'ormam.
1049 333 1128 367 Sed
1157 333 1188 367 si
1213 333 1343 368 lomna
1366 335 1478 368 esset
1500 333 1649 368 anima.
1679 342 1759 377 qua
1780 332 1940 368 ratione

269 400 426 436 diceret
455 401 491 436 iu
523 400 805 440 Qualitate¹
836 399 1086 434 dementiam
1119 398 1181 433 vel
1213 398 1312 434 iram
1351 398 1575 442 qualitates
1613 408 1708 433 esse
1745 398 1941 434 animae?

270 465 469 509 Numquid
499 466 631 500 l'orma
667 467 735 501 aut
774 463 926 500 insanit
963 466 1034 499 aut
1076 463 1295 499 irascitur?
1349 463 1571 498 Praeterea
1611 464 1699 507 ipse
1745 463 1938 508 superius

267 530 483 566 seientiam
515 531 576 565 vel
606 529 914 575 grammaticam
947 529 983 564 in
1013 529 1201 564 subiecto
1225 537 1321 563 esse
1346 528 1382 563 in
1407 528 1545 563 anima
1567 528 1680 563 dixit.
1722 528 1938 567 Quomodo

267 597 403 631 autem
433 596 463 631 si
494 596 625 631 l'orma
653 598 776 631 esset.
804 594 1019 630 seientiam
1057 593 1256 629 liaberet?
1310 593 1429 628 Volet
1464 594 1599 628 autem
1639 593 1812 628 forsitan
1851 593 1940 637 quis

216 928 245 951 ln

209 2893 236 2916 lu

268 661 444 705 probare
473 661 618 696 l'alsum
648 670 744 696 esse
773 659 880 704 quod
911 659 1122 694 destructo
1161 658 1328 695 animali
1366 658 1510 694 scibile
1549 660 1775 696 remaneat,
1813 661 1937 702 atque

267 726 343 761 boe
372 726 507 770 potius
535 726 801 761 eonl'irmare:
838 725 870 760 si
901 734 980 760 non
1011 726 1075 760 est
1103 724 1266 763 animal.
1294 734 1375 760 non
1406 725 1470 759 est
1498 723 1654 761 scibile.
1692 723 1769 759 hoe
1798 722 1939 759 modo:

266 789 306 825 si
337 800 416 825 non
447 793 510 825 est
538 789 701 827 animal.
742 789 836 824 nibil
867 791 1003 833 potest
1031 788 1126 824 seiri
1154 788 1206 824 ab
1243 788 1408 824 animali
1448 788 1512 823 vel
1550 788 1674 823 etiam
1713 788 1763 823 ab
1800 787 1940 823 anima

266 865 374 900 quae
403 855 440 890 in
469 855 636 891 animali
665 854 727 891 sit.
766 856 807 890 et
835 854 889 890 ita
919 854 1015 889 nihil
1044 855 1181 899 potest
1209 853 1315 889 seiri.
1370 853 1441 889 Vel
1474 853 1546 889 ita:
1585 853 1625 888 Si
1664 853 1816 888 animal
1855 862 1937 888 non

267 922 340 957 est.
371 921 521 956 nullum
553 923 700 965 potens
729 920 836 955 seire
865 920 929 955 est
956 922 996 955 et
1024 919 1078 955 ita
1103 919 1253 955 nullum
1278 920 1414 964 potest
1436 919 1542 955 seiri.
1595 918 1676 954 Sed
1699 918 1739 954 in
1762 919 1937 963 utraque

265 985 626 1030 argumentatione
655 985 867 1021 secundae
891 984 1219 1029 consequentiae
1248 985 1376 1020 l'alsae
1405 987 1511 1022 sunt,
1540 984 1644 1019 sieut
1667 985 1707 1019 et
1735 983 1801 1019 illa
1830 992 1936 1027 quae

264 1051 455 1096 superius
484 1050 664 1086 dicebat:
693 1049 725 1085 si
755 1052 891 1095 potest
919 1050 1026 1087 seiri.
1056 1060 1130 1095 per
1156 1050 1372 1086 seientiam
1397 1051 1534 1094 potest
1556 1049 1663 1085 seiri.
1716 1048 1804 1084 Non
1827 1048 1936 1084 enim

265 1126 407 1152 verum
436 1118 509 1152 est.
538 1116 571 1151 si
602 1126 681 1151 non
705 1117 842 1160 potest
864 1115 959 1151 seiri
981 1117 1033 1151 ab
1056 1115 1234 1155 animali,
1259 1125 1338 1151 non
1363 1117 1500 1160 potest
1522 1115 1628 1151 sciri.
1682 1114 1806 1150 Multa
1828 1114 1936 1150 enim

265 1183 439 1227 possunt
466 1181 559 1217 seiri
595 1182 646 1217 ab
685 1182 746 1217 nis
775 1191 882 1226 quae
921 1182 1102 1217 nondum
1141 1181 1335 1217 animalia
1371 1182 1475 1216 sunt.
1527 1180 1597 1216 Illa
1634 1189 1798 1224 quoque
1834 1180 1938 1216 falsa

227 1255 242 1276 5·
264 1250 325 1283 est
354 1257 460 1292 quae
489 1247 560 1282 ait:
590 1247 623 1283 si
647 1247 797 1282 nullum
823 1248 972 1291 potens
992 1249 1056 1282 est
1077 1246 1195 1283 seire.
1224 1247 1376 1282 nullum
1401 1248 1549 1291 potens
1572 1245 1678 1281 sciri.
1730 1245 1941 1281 Sitnil‘iter

263 1315 420 1352 (uilem,
447 1313 525 1348 boc
553 1315 634 1348 est:
673 1313 777 1348 sieut
805 1312 948 1348 scibile
978 1312 1090 1357 prius
1125 1315 1189 1347 est
1226 1311 1412 1348 scientia.
1452 1312 1506 1347 ita
1543 1311 1754 1350 sensibile,
1795 1311 1833 1347 id
1873 1312 1939 1346 est

263 1378 405 1414 sentiri
436 1381 592 1423 potens.
622 1378 733 1422 prius
762 1380 824 1413 est
852 1387 990 1414 sensu.
1030 1378 1138 1422 quod
1167 1377 1288 1413 simili
1316 1378 1562 1422 argumento
1591 1377 1748 1421 probat.
1800 1376 1937 1412 Sensi-

263 1443 344 1479 !n'lt’
370 1444 496 1479 enim.
549 1443 657 1479 Vere
686 1443 833 1479 eodem
860 1443 982 1479 modo
1011 1453 1057 1479 se
1081 1443 1235 1479 babent
1257 1443 1348 1480 ista.
1371 1442 1578 1487 quomodo
1602 1442 1679 1478 illa.
1709 1441 1805 1487 quia
1825 1441 1937 1477 vide-

263 1507 356 1543 lieet
385 1508 461 1543 boe.
489 1508 636 1544 eodem
667 1508 800 1544 modo.
830 1508 938 1552 quod
969 1507 1163 1543 videlicet
1191 1507 1540 1552 quemadmodum
1568 1506 1712 1543 scibile
1737 1505 1850 1551 prius
1873 1508 1937 1542 est

207 1585 229 1608 :0
262 1573 447 1609 seientia.
477 1573 532 1608 ita
559 1572 755 1609 sensibile
784 1582 923 1609 sensu.
976 1573 1010 1608 Λ
1038 1575 1167 1618 parte.
1220 1573 1328 1608 Nam
1356 1572 1620 1616 interempto.
1674 1571 1782 1607 Vere
1811 1571 1934 1617 prius.

261 1637 355 1682 quia
383 1637 464 1674 tale
494 1637 605 1682 prius
634 1637 742 1682 quod
771 1639 1030 1682 peremptum
1060 1637 1233 1682 perimit,
1267 1637 1340 1673 sed
1370 1646 1452 1672 non
1480 1636 1702 1682 perimitur.
1757 1636 1934 1684 A-parte

262 1702 422 1747 prioris.
474 1702 629 1737 Sensus
655 1702 782 1738 enitn.
836 1702 924 1751 Duo
960 1711 1066 1746 quae
1107 1701 1221 1741 dixit.
1263 1702 1409 1747 probat
1446 1703 1487 1738 et
1526 1701 1700 1746 primum
1741 1700 1933 1737 ostendit.

261 1768 368 1812 quod
398 1767 593 1803 sensibile
623 1769 880 1812 peremptum
917 1767 1079 1812 perimit
1113 1777 1281 1803 sensum
1319 1767 1390 1803 tali
1427 1768 1690 1811 argumento:
1731 1766 1933 1802 sensibile

260 1834 518 1878 peremptum
547 1833 711 1877 perimit
737 1842 897 1877 eorpus.
952 1832 1070 1873 Quod
1098 1833 1300 1868 babemus
1329 1832 1399 1868 ibi:
1437 1832 1630 1868 sensibili
1657 1833 1801 1867 (tillem.
1838 1841 1932 1876 per-

206 1912 238 1936 2³.
260 1900 403 1942 empto
439 1900 708 1943 peremptum
749 1900 804 1934 es!
842 1900 877 1933 (Ἰ
914 1908 1095 1943 eet-pus:
1146 1908 1298 1943 eorpus
1339 1907 1440 1934 vero
1474 1898 1732 1942 peremptum
1770 1896 1933 1942 perimit

259 1973 441 1999 sensum.
495 1963 614 2003 Quod
635 1963 688 1999 ibi
710 1966 792 1999 est:
820 1974 914 1999 cmn
947 1974 1042 1999 vero
1069 1974 1226 2008 rot-pus
1254 1974 1339 1999 non
1367 1963 1421 1999 sit
1443 1965 1519 1999 ete.
1573 1962 1710 2003 Quare
1733 1962 1931 1999 sensibile

261 2030 518 2074 peremptum
548 2029 711 2074 perimit
737 2038 918 2065 sensum.
956 2030 1065 2074 quod
1095 2029 1147 2065 ibi
1177 2030 1258 2065 est:
1300 2030 1440 2071 (jaare
1475 2029 1607 2064 simul
1643 2028 1818 2073 perimi!
1856 2029 1930 2064 etc.

260 2094 418 2130 Primae
435 2104 536 2130 vero
552 2094 850 2139 propositionis
867 2104 973 2139 quae
991 2095 1046 2130 ait
1062 2095 1269 2131 ,sensibile
1292 2096 1550 2139 peremptum
1571 2093 1735 2139 perimit
1755 2101 1931 2138 eorpus.

259 2159 588 2205 assignationem
613 2160 888 2205 praemiserat
909 2160 1074 2196 dicens:
1101 2160 1299 2196 sensibile
1320 2162 1377 2196 es!
1397 2169 1562 2205 eorpus.
1616 2159 1649 2195 A
1671 2168 1809 2195 causa.
1863 2158 1931 2194 Se-

260 2224 421 2260 cundae
460 2224 757 2268 propositionis
786 2233 893 2268 quae
921 2224 994 2260 ait:
1035 2234 1198 2269 ,eorpus
1236 2225 1490 2260 destructum
1529 2223 1702 2260 destruit
1738 2230 1931 2262 sensum.

260 2289 591 2334 assignationem
620 2299 786 2334 quoque
816 2290 1092 2334 praemiserat
1119 2289 1281 2325 dicens:
1320 2299 1467 2325 sensns
1493 2289 1610 2325 enim
1637 2289 1747 2325 cirea
1776 2299 1932 2333 eorpus

259 2356 294 2389 (Ἰ
326 2355 366 2389 in
396 2364 575 2399 eoi-pore
600 2357 710 2390 snnl.
762 2355 796 2390 A
825 2364 962 2391 eausa.
1017 2355 1057 2390 In
1087 2364 1262 2400 corpore
1292 2364 1440 2391 sensus
1469 2364 1566 2391 esse
1600 2354 1802 2395 dicuntur,
1835 2353 1931 2400 quia

259 2419 396 2455 aniina
425 2429 531 2464 quae
561 2421 645 2455 tres
675 2421 799 2456 babet
828 2420 1037 2465 potentias
1066 2422 1107 2456 et
1140 2420 1229 2456 sola
1264 2420 1399 2456 sentit.
1439 2429 1513 2465 per
1548 2429 1755 2465 corporea
1791 2422 1930 2456 tamen

260 2485 534 2520 iustrumenta
562 2494 713 2521 sensus
736 2487 916 2521 exercet.
958 2485 1077 2521 Circa
1098 2495 1249 2530 eorpus
1270 2487 1408 2522 autem
1432 2495 1582 2521 sensus
1605 2494 1701 2521 esse
1730 2485 1930 2523 dicuntur.

225 2566 237 2585 κ
259 2549 355 2595 quia
394 2560 599 2594 corporea
633 2551 786 2586 tantum
827 2551 889 2586 vel
929 2551 990 2586 eis
1027 2551 1301 2587 adhaerentia
1339 2551 1580 2596 percipiunt.
1633 2552 1788 2587 Sensus
1822 2561 1927 2586 vero.

260 2615 440 2651 Alterum
471 2616 521 2650 de
550 2616 710 2651 (luobus
739 2616 964 2661 propositis
993 2617 1150 2661 probat.
1185 2616 1344 2652 seilicet
1371 2617 1479 2661 quod
1509 2626 1659 2652 sensus
1689 2618 1928 2661 peremptus

259 2690 338 2716 non
370 2680 532 2725 perimit
559 2681 768 2717 sensibile.
797 2681 893 2725 quia
922 2682 1114 2717 videlicet
1142 2691 1268 2717 sensu
1298 2683 1510 2717 destructo
1545 2691 1763 2717 remanere
1793 2684 1929 2726 potest

260 2745 469 2781 sensibile.
499 2745 615 2785 Quod
635 2746 711 2781 boe
729 2746 849 2782 modo
868 2748 1085 2782 monstrat:
1115 2747 1326 2782 destructo
1343 2746 1510 2782 animali
1526 2747 1751 2782 destruitur
1765 2756 1927 2784 sensus.

257 2811 365 2855 quod
395 2813 459 2846 est
483 2810 552 2846 ibi:
581 2811 757 2845 ,S'nltlalo
779 2812 890 2847 enine
917 2813 1005 2848 ete,
1034 2812 1106 2847 sed
1131 2813 1340 2847 destructo
1363 2811 1529 2847 animali
1553 2821 1768 2847 remanere
1791 2813 1927 2856 potest

258 2876 467 2913 sensibile.
496 2876 605 2920 quod
635 2878 697 2911 est
727 2876 796 2911 ibi:
825 2877 1030 2911 sensibile
1059 2887 1153 2911 vero
1175 2877 1253 2912 eri!
1277 2879 1352 2913 ete.
1406 2878 1543 2916 Quare
1565 2877 1776 2912 destructo
1800 2887 1926 2913 sensu

258 2941 456 2977 sensibile
492 2943 625 2985 potest
661 2951 888 2977 remanere.
945 2942 1056 2977 Hane
1093 2942 1403 2977 eom÷lusionem
1443 2945 1572 2977 extra.
1629 2942 1782 2986 Regula
1820 2952 1926 2986 quae

400 3058 443 3087 :ill
474 3056 728 3097 praemiserat!
758 3058 900 3097 perimit
927 3059 951 3089 ,1
984 3059 1027 3089 rs.
1056 3067 1087 3090 ν.
1117 3058 1254 3090 21—:351
1355 3060 1396 3088 :iti
1427 3059 1559 3097 tamen!
1589 3061 1725 3090 tantum
1755 3060 1778 3091 .l

402 3127 409 3149 ¹
443 3128 589 3160 boetii.
620 3129 640 3160 I.
670 3140 708 3165 ιι,
739 3138 772 3168 p.
801 3129 919 3161 24⁸1).

1968 1215 2101 1252 Boeth.

1967 1276 2002 1310 p.
2012 1266 2080 1302 231
2094 1268 2126 1302 1)
