2200 3387
334 220 378 253 513
742 223 847 255 Peter
874 223 1076 256 Abaelards
1104 224 1237 265 Logica
1265 224 1586 265 ,Ingredientibus‘.

334 319 422 354 istis
458 319 662 357 decidunt,
699 319 849 363 poterit
882 319 1081 355 rationem
1110 320 1330 356 Platonis
1363 320 1403 356 in
1437 330 1488 356 eo
1520 320 1663 357 fulcire
1694 322 1802 365 quod
1831 331 1923 358 cum
1949 323 1990 358 et

335 384 448 428 plura
485 383 563 418 sint
605 383 815 419 individua
851 384 1070 428 speciebus
1113 386 1153 420 et
1198 384 1329 429 magis
1375 385 1592 426 instabilia,
1635 385 1729 421 ideo
1766 386 1989 431 praecipue

335 447 578 483 divisionem
617 447 706 483 fieri
752 448 934 486 inhibuit,
980 448 1252 485 considerans
1304 449 1469 500 scilicet⁴
1505 458 1647 485 eorum
1692 449 1991 487 multitudinem

334 513 458 548 multo
486 513 726 557 ampliorem
755 514 795 548 et
822 513 953 559 magis
981 513 1020 549 in
1054 513 1358 558 significatione
1395 513 1639 550 instabilem.
1690 514 1914 551 Praeterea
1950 515 1991 551 in

335 577 540 613 descensu
569 587 593 613 a
618 578 943 623 generalissimis
971 579 1021 614 ad
1058 578 1369 623 specialissima.
1407 587 1528 624 quem
1555 579 1769 624 praecepit
1799 579 1890 616 fieri
1917 589 1992 625 per
2010 589 2027 615 5

335 642 480 678 media.
510 651 590 678 non
613 644 677 678 est
698 652 890 687 umquam
913 643 1180 679 dividentium
1209 643 1440 688 specierum
1462 643 1622 679 infinita
1647 643 1872 685 multitudo,
1899 653 1991 681 cum

335 706 527 742 videlicet
554 707 874 752 unumquodque
902 717 1043 752 genus.
1082 708 1187 743 sicut
1214 707 1252 743 in
1282 707 1657 744 Divisionibus1
1695 708 1851 749 dicitur,
1888 709 1990 745 duas

335 771 546 816 proximas
574 772 737 816 species
764 772 919 808 habere
947 773 1189 808 naturaliter
1225 772 1386 810 habeat,
1418 772 1564 817 quibus
1601 772 1859 809 sufficienter
1892 772 1992 809 divi-

335 836 464 872 datur.
516 837 565 871 At
593 846 693 872 vero
721 837 772 872 ad
800 836 1045 872 divisionem
1075 837 1230 882 speciei
1258 837 1337 873 duo
1360 836 1572 873 individua
1592 837 1649 873 ita
1669 847 1752 873 non
1773 837 1991 879 sufficient,

335 902 408 937 sed
437 903 535 946 quot
562 901 653 942 sint,
682 902 975 937 enumeranda.
2013 908 2046 934 10

475 966 792 1010 Spes-salmin
817 973 910 1001 vero
935 967 976 1002 in
1006 977 1183 1002 nemnem
1205 967 1375 1012 quidem
1398 968 1586 1012 quodam
1615 970 1724 1003 sunt.
1751 967 1865 1003 Haec
1885 967 1993 1003 simi-

335 1031 425 1066 liter
452 1031 605 1066 habent
633 1040 845 1066 numerum
874 1040 1003 1071 suum,
1032 1031 1105 1067 sed
1132 1041 1214 1067 non
1243 1030 1455 1067 infinitum.
1511 1032 1736 1067 Intlivislua
1759 1034 1902 1069 autem
1930 1033 1992 1069 in-

335 1095 455 1131 finita
481 1097 591 1137 sunt,
616 1095 712 1139 quia
727 1095 884 1131 scilicet
900 1105 981 1131 non
998 1096 1168 1131 definita
1196 1098 1300 1136 sunt,
1323 1096 1669 1140 quemadmodum
1690 1085 2000 1141 specialissima

337 1160 456 1196 simul
489 1159 627 1195 anima
655 1160 838 1197 collecta,
875 1162 915 1195 et
950 1160 1128 1196 maxime
1166 1160 1374 1196 instabilia
1409 1160 1450 1196 in
1489 1160 1791 1206 significatione
1828 1171 1915 1201 sua,
1951 1163 1994 1197 ut

335 1225 469 1260 minus
497 1224 536 1259 in
565 1233 616 1260 ea
642 1224 803 1270 possint
830 1225 1038 1270 cognosci.
1090 1224 1352 1270 Quapropter
1378 1225 1474 1269 quia
1505 1225 1561 1261 ita
1589 1225 1748 1261 infinita
1775 1227 1869 1262 sunt
1894 1225 1994 1262 indi·
2015 1231 2048 1256 15

335 1290 470 1325 vidua.
492 1289 604 1325 iubet
625 1289 764 1325 Plato
785 1289 998 1325 terminari
1020 1289 1266 1325 divisionem
1289 1290 1327 1325 in
1349 1289 1659 1334 specialissimis
1681 1291 1722 1325 et
1736 1299 1819 1326 non
1840 1289 1994 1336 porrigi

335 1355 386 1390 ad
414 1353 635 1390 individua.
686 1353 733 1389 Et
754 1354 832 1390 hoc
854 1355 933 1390 est:
967 1354 1175 1390 hominem
1198 1354 1523 1390 descendentem
1544 1364 1569 1390 a
1589 1355 1914 1400 generalissimis
1941 1355 1993 1391 ad

335 1419 639 1464 specialissima
672 1419 894 1455 dividendo
928 1419 1041 1455 iubet
1076 1419 1212 1456 Plato
1247 1419 1464 1464 quiescere
1498 1419 1537 1455 in
1574 1419 1687 1464 ipsis,
1721 1419 1878 1456 scilicet
1904 1429 1995 1465 spe-

336 1483 579 1520 cialissimis.
632 1483 762 1519 Locus
797 1486 860 1519 est
892 1493 916 1519 a
949 1493 1088 1520 causa.
1125 1485 1221 1529 quia
1257 1484 1413 1520 scilicet
1447 1484 1609 1520 infinita
1644 1485 1738 1520 sunt
1772 1484 1994 1520 individua.

337 1548 468 1588 Quam
503 1548 627 1584 etiam
660 1558 827 1584 causam
872 1558 967 1584 mox
1003 1549 1196 1594 supponit
1235 1549 1394 1585 dicens:
1433 1549 1621 1591 Infinita,
1647 1549 1800 1594 inquit,
1838 1548 1995 1585 scilicet
2013 1556 2049 1582 20

336 1613 382 1649 Pl
395 1614 492 1649 ato.
509 1613 788 1658 relinquenda
805 1616 913 1649 sunt.
935 1613 982 1649 Et
1000 1623 1128 1658 quare
1144 1612 1445 1658 relinquenda?
1472 1613 1578 1654 Quia
1598 1613 1898 1659 scilicetinquit
1911 1622 1995 1649 non

336 1687 461 1723 posse
488 1677 579 1714 fieri
607 1677 862 1723 disciplinam
891 1687 1045 1719 eorum,
1078 1678 1117 1714 id
1152 1680 1214 1714 est
1240 1678 1469 1714 doctrinam
1505 1688 1579 1723 per
1612 1688 1663 1714 ea
1696 1687 1802 1723 quae
1837 1679 1878 1714 et
1912 1679 1996 1714 tam

336 1743 462 1778 multa
489 1744 583 1778 sunt
610 1744 650 1778 et
680 1752 761 1778 non
789 1743 963 1784 stabilia,
1000 1745 1042 1779 ut
1069 1742 1261 1779 videlicet
1287 1745 1508 1788 antequam
1537 1743 1808 1788 perficeretur
1835 1743 1994 1785 divisio,

336 1807 461 1844 multa
488 1807 569 1844 iam
597 1808 792 1853 perirent,
818 1818 893 1853 per
920 1818 1026 1853 quae
1055 1808 1240 1844 dividere
1267 1808 1479 1844 vellemus.

478 1872 571 1909 Sed
599 1873 870 1918 quaeritur.
906 1866 1111 1917 quomodo
1144 1873 1382 1909 Boethius
1421 1873 1461 1909 in
1488 1873 1630 1909 Libro
1667 1873 2049 1910 divisionum225

336 1938 442 1973 hanc
469 1937 714 1974 divisionem
742 1947 818 1973 nos
846 1937 995 1973 doceat
1022 1939 1062 1973 et
1088 1939 1237 1973 tractet
1263 1946 1369 1982 quae
1397 1938 1462 1973 est
1488 1937 1643 1982 speciei
1672 1946 1748 1982 per
1772 1936 1994 1980 individua,

336 2012 428 2038 cum
454 2002 591 2038 Plato
620 2011 712 2038 eam
739 2002 944 2047 reprobet.

478 2067 545 2102 Ad
573 2067 702 2112 quod
730 2067 1112 2111 respondemus,
1147 2067 1256 2111 quod
1291 2076 1374 2102 non
1411 2066 1560 2107 omnia,
1597 2068 1638 2102 ut
1671 2066 1862 2108 diximus,
1895 2066 1996 2102 indi-

337 2132 461 2168 vidua
494 2132 702 2168 instabilia
736 2133 830 2167 sunt
862 2132 902 2167 in
939 2131 1255 2177 significatione,
1295 2132 1369 2185 sed
1403 2130 1597 2176 quoniam
1634 2131 1721 2176 ipse
1756 2130 1994 2167 Boethius

338 2197 572 2241 exemplum
601 2197 650 2232 de
678 2196 936 2233 instabilibus
964 2206 1128 2241 quoque
1156 2196 1383 2241 supposuit,
1410 2196 1489 2232 hoc
1516 2197 1580 2232 est
1601 2196 1652 2232 de
1678 2195 1900 2232 individuis
1926 2196 1996 2232 ho·
2015 2201 2051 2228 30

337 2262 469 2300 minis,
503 2261 687 2297 dicamus
720 2270 814 2297 eum
847 2261 953 2297 hanc
989 2261 1235 2297 divisionem
1268 2260 1447 2296 maxime
1484 2262 1680 2305 quantum
1716 2260 1768 2296 ad
1806 2261 1996 2297 naturam

338 2328 529 2367 tractare,
556 2326 807 2362 Platonem
841 2335 941 2361 vero
976 2326 1153 2362 eandem
1181 2327 1377 2370 quantum
1410 2326 1462 2361 ad
1499 2326 1633 2361 actum
1658 2325 1899 2361 variationis
1934 2334 1996 2361 re-

338 2391 524 2436 probare.
575 2391 663 2426 Non
692 2390 801 2426 enim
828 2393 911 2426 tam
939 2390 1084 2426 debilis
1112 2392 1176 2426 est
1202 2390 1414 2426 hominum
1440 2391 1598 2431 natura,
1631 2391 1675 2426 ut
1701 2399 1784 2426 non
1815 2389 1995 2426 fortasse

338 2456 467 2501 possit
491 2455 735 2491 divisionem
758 2457 1017 2500 exspectare.
1064 2454 1139 2491 Vel
1167 2455 1218 2491 .in
1245 2457 1402 2491 natura*
1431 2454 1614 2495 dicimus,
1639 2454 1735 2499 quia
1762 2454 1872 2490 omni
1898 2455 1997 2490 tem-

338 2530 438 2565 pore
472 2520 634 2565 species
671 2520 801 2555 divisa
833 2520 873 2555 in
906 2521 1055 2555 natura
1087 2521 1243 2555 certum
1280 2529 1494 2555 numerum
1528 2519 1833 2555 individuorum
1858 2519 1994 2555 habet.
2015 2523 2049 2549 35

337 2584 560 2620 Praeterea
586 2584 643 2620 sic
670 2594 890 2629 possumus
918 2584 1129 2620 individua
1156 2584 1361 2630 colligere,
1398 2585 1441 2619 ut
1466 2584 1597 2620 facilis
1625 2583 1678 2619 sit
1704 2583 1863 2625 divisio,
1891 2583 1997 2619 sicut

339 2651 379 2685 et
406 2649 495 2694 ipse
523 2649 760 2685 Boethius
787 2649 885 2685 facit
911 2649 1071 2685 dicens:
1107 2648 1316 2684 hominum
1344 2648 1411 2684 alii
1443 2650 1537 2684 sunt
1562 2648 1614 2689 hi,
1642 2648 1710 2693 qui
1736 2649 1830 2684 sunt
1855 2648 1896 2684 in
1922 2647 1996 2684 Eu-

339 2723 451 2759 ropa.
479 2713 546 2750 alii
575 2714 641 2758 qui
669 2715 761 2750 sunt
788 2714 827 2749 in
855 2713 965 2749 Asia.
1016 2713 1157 2749 Plato
1184 2722 1285 2748 vero
1313 2714 1438 2758 negat
1463 2713 1565 2753 fieri,
1593 2722 1685 2749 cum
1709 2713 1870 2759 singula
1897 2712 1997 2749 indi-

340 2779 463 2814 vidua
490 2780 788 2824 computantur.
842 2779 1092 2815 Deseenclere
1119 2780 1272 2813 αυιιηη.
1324 2778 1412 2813 Νοη
1446 2778 1576 2814 solum
1610 2778 1661 2814 de
1695 2777 1832 2823 quiete
1858 2777 1996 2814 Plato

484 2900 502 2931 3
530 2899 693 2931 inhabuit
722 2900 747 2930 Α
873 2900 892 2931 6
918 2907 1103 2939 nunquam
1123 2898 1151 2931 A
1175 2890 1359 2930 sufficient
1379 2898 1408 2930 A
1510 2899 1548 2930 11
1571 2907 1660 2931 vero
1680 2898 1764 2930 inde
1792 2898 1877 2938 quia
1899 2898 1996 2938 quic-

341 2958 426 2998 quid
455 2960 538 2989 sunt
563 2958 592 2990 A
643 2957 756 2997 Haec]
783 2959 851 2990 hoc
877 2957 906 2990 A
1008 2959 1048 2989 12
1077 2959 1196 2989 autem
1221 2958 1250 2989 si
1273 2954 1303 2989 ἲ]
1322 2959 1405 2990 sunt
1424 2958 1453 2990 A
1506 2958 1693 2990 definitum
1719 2957 1751 2988 A
1840 2958 1881 2989 13
1908 2954 1995 2996 non]

339 3024 385 3048 ne
414 3016 440 3046 ,l
544 3017 583 3047 14
612 3014 785 3056 maxime]
814 3016 979 3056 proxime
1006 3015 1035 3047 A

483 3085 490 3107 ¹
520 3086 679 3125 Boeth„
707 3086 759 3119 De
779 3086 885 3119 (licis.
910 3086 966 3118 PL
987 3086 1040 3124 64,
1058 3085 1124 3118 877
1152 3086 1177 3118 C
1274 3086 1289 3107 2
1315 3086 1475 3124 Boeth.,
1503 3085 1555 3118 De
1574 3085 1681 3118 divis.
1710 3085 1731 3117 l.
1753 3094 1792 3123 0.,
1813 3094 1848 3126 p.
1872 3085 1938 3117 877
1954 3085 1995 3117 D.
